3134 4710
169 396 380 465 masan.

189 577 353 668 1lagus,
396 579 592 666 eaperetne
623 581 720 645 terra
751 576 963 667 circuitum,
1004 598 1050 648 an
1080 573 1285 648 *exhausto

188 685 369 758 2⁹*tluotu
401 688 482 758 sine
513 686 584 759 fine
611 708 652 758 se
677 686 803 759 Africa
835 689 1065 761 extenderet:
1095 711 1223 761 verum
1248 698 1286 760 et
1313 705 1384 764 999

188 803 263 872 asi
300 798 433 871 Hanno
465 798 778 899 Carthaginiensis
817 786 1048 895 exploratum
1086 804 1225 874 missus
1264 825 1285 874 a

188 939 204 983 4
230 914 322 1007 suis,
351 913 434 984 e'um
460 935 526 1006 per
551 915 682 985 oceani
708 916 845 986 ostium
862 917 1005 988 exisset
1020 936 1187 1009 magnam
1204 937 1285 1009 par·

188 1048 202 1094 s
229 1035 302 1099 tem
319 1027 401 1099 eius
421 1028 706 1120 circumvectus,
733 1049 807 1099 non
826 1049 867 1100 se
883 1030 975 1101 mari
994 1028 1061 1101 sed
1079 1036 1285 1100 commeatu

188 1163 203 1213 9
229 1139 415 1211 defecisse
440 1146 644 1211 memoratu
661 1141 851 1211 retulerat:
878 1147 915 1212 et
931 1138 1110 1212 Eudoxus
1137 1141 1285 1235 quidam

189 1276 203 1320 ⁷
228 1273 382 1324 avorum
407 1258 616 1323 nostrorum
643 1252 870 1345 temporibus
890 1275 973 1324 oum
987 1251 1211 1345 *Lathyrum
1228 1276 1285 1327 re·

188 1388 203 1433 a
228 1387 309 1457 gem
323 1363 567 1436 Alexandriae
584 1364 810 1458 profugeret,
829 1364 987 1437 Arabico
1007 1368 1087 1437 sinu
1108 1380 1284 1458 egressus

188 1498 203 1543 9
228 1500 294 1572 per
318 1479 391 1549 hoo
414 1480 582 1572 pelagus,
609 1484 650 1547 ut
666 1475 793 1576 Nepos
818 1478 994 1573 adfirmat,
1022 1478 1145 1550 Gades
1165 1501 1285 1574 usque

172 1610 203 1654 10
229 1599 426 1685 pervectus
460 1599 538 1683 est,
574 1592 659 1663 ideo
691 1593 773 1664 eius
806 1614 892 1664 orae
924 1599 1012 1664 nota
1037 1600 1123 1664 sunt
1148 1578 1283 1688 aliqua.

171 1723 202 1767 11
230 1713 316 1777 sunt
341 1713 463 1776 autem
490 1711 589 1775 trans
621 1726 666 1775 ea
695 1726 794 1799 quae
815 1704 961 1777 deserta
985 1705 1097 1778 modo
1123 1705 1283 1779 diximus
1312 1728 1345 1781 91

173 1834 203 1879 12
228 1819 319 1890 muti
343 1817 470 1911 populi
498 1823 535 1887 et
561 1818 694 1911 quibus
719 1839 786 1912 pro
812 1819 963 1912 eloquio
990 1827 1102 1890 nutus
1121 1826 1191 1910 est,
1219 1820 1284 1890 alii

172 1933 309 2003 resine
342 1953 434 2003 sono
467 1932 631 2022 linguae,
672 1933 735 2001 alii
770 1931 850 2001 sine
881 1933 1036 2026 linguis,
1077 1933 1140 2003 alii
1171 1931 1282 2015 labris

171 2045 339 2118 uetiam
365 2042 660 2134 cohaerentibus
687 2044 758 2118 nisi
786 2044 886 2136 quod
912 2044 980 2115 sub
998 2041 1146 2117 naribus
1174 2047 1284 2117 etiarn

171 2182 202 2229 15
227 2159 351 2229 fistula
375 2165 435 2227 est
465 2178 532 2250 per
564 2177 672 2250 quam
700 2155 825 2227 bibere
850 2154 1023 2251 *avenis,
1057 2163 1094 2229 et
1121 2179 1204 2230 eum
1229 2161 1283 2231 in-

171 2295 202 2340 m
228 2272 343 2345 eessit
368 2269 482 2340 libido
508 2267 700 2358 vescendi,
729 2289 839 2360 grana
867 2271 1011 2361 singula
1032 2269 1181 2362 frugum
1196 2293 1283 2364 pas-

171 2405 202 2451 ιτ
229 2386 297 2454 sim
322 2382 554 2453 nascentium
580 2380 776 2454 absorbere
801 2380 985 2453 dicuntur.
1038 2390 1123 2454 sunt
1147 2383 1281 2478 quibus
1311 2406 1350 2465 99,

170 2518 202 2564 m
227 2502 312 2567 ante
349 2497 546 2566 adventurn
578 2491 725 2564 Eudoxi
761 2493 855 2566 adeo
886 2496 1034 2587 ignotus
1065 2497 1164 2589 ignis
1196 2497 1280 2591 fuit,

170 2632 200 2677 re
227 2611 393 2704 adeoque
418 2609 524 2679 visus
549 2610 680 2678 mimm
706 2608 745 2679 in
769 2608 919 2680 modum
948 2610 1107 2703 placuit,
1141 2619 1182 2681 ut
1206 2634 1281 2682 arn·

59 2704 64 2713 ’
167 2744 200 2792 ro
225 2726 339 2819 pleuti
365 2723 475 2794 etiam
492 2721 656 2792 flammas
675 2727 712 2792 et
728 2722 892 2793 ardentia
910 2724 993 2792 sinu
1011 2724 1145 2794 abdere
1163 2723 1281 2796 donee

168 2855 200 2900 21
226 2843 377 2909 noceret
402 2836 560 2905 maxime
578 2832 736 2905 libuerit.
779 2856 892 2927 super
909 2857 974 2908 eos
993 2834 1140 2928 grandis
1157 2838 1279 2910 litoris
1309 2848 1343 2902 99

169 2965 201 3012 aa
226 2949 345 3021 flexus
377 2946 549 3039 grandem
580 2948 739 3016 insulam
770 2945 946 3038 includit,
979 2949 1017 3018 in
1044 2969 1117 3041 qua
1141 2956 1282 3021 tanturn

167 3081 200 3129 99
225 3063 381 3133 feminas
408 3081 493 3131 esse
517 3067 664 3129 narrant
690 3065 769 3129 toto
793 3080 951 3151 corpore
967 3059 1127 3131 hirsutas
1145 3070 1183 3132 et
1201 3064 1281 3133 sine

168 3195 201 3240 24
226 3177 327 3248 coitu
352 3174 507 3248 marium
534 3193 603 3243 sua
627 3179 761 3264 sponte
786 3170 986 3263 fecundas,
1019 3170 1112 3243 adeo
1138 3176 1280 3266 asperis

167 3309 199 3356 99
226 3287 424 3381 efferisque
446 3284 632 3377 moribus,
666 3293 708 3356 ut
732 3285 912 3377 quaedam
938 3283 1120 3354 contineri
1151 3306 1199 3357 ne
1224 3307 1280 3357 re-

167 3422 200 3467 as
224 3392 409 3473 luctentur
440 3398 506 3468 vix
538 3398 700 3467 vinculis
732 3397 890 3490 possint.
947 3395 1019 3466 hoe
1045 3394 1177 3469 Hanno
1208 3410 1281 3470 ret·

166 3535 199 3582 m
225 3515 329 3605 tulit,
368 3519 405 3583 et
443 3512 529 3604 quia
567 3509 731 3581 detracta
768 3510 907 3581 occisis
942 3509 1044 3579 coria
1081 3513 1281 3602 pertulerat

165 3651 198 3696 99
224 3624 560 3698 fides'habita'est.
660 3680 665 3691 .

166 3761 198 3807 99
296 3735 399 3810 Ultra
423 3738 521 3806 huno
548 3735 669 3804 sinum
700 3757 807 3805 mons
834 3738 952 3826 altim,
987 3744 1026 3806 ut
1052 3735 1184 3809 Graeci
1210 3758 1277 3808 vo·
1306 3759 1341 3813 94

166 3872 198 3916 ao
225 3860 310 3922 eant
333 3850 473 3942 Theon,
500 3849 686 3942 perpetuis
713 3847 858 3939 ignibus
882 3848 1021 3940 flagrat.
1064 3851 1159 3919 ultra
1176 3870 1277 3941 mop-
1306 3866 1340 3919 99

1044 3963 1078 4009 ὃ.
