3138 4718
178 378 445 444 rra-ciri.
1267 381 1286 443 9

199 584 210 627 1
237 562 376 626 tonent:
401 552 467 626 sed
485 553 606 627 Mauri
630 553 668 623 in
689 552 912 624 Atlanticum
935 553 1090 647 pelagus
1114 557 1287 647 expositi.

197 695 211 740 ι
237 667 333 739 ultra
349 664 511 758 Zigritae
536 674 624 738 sunt
647 672 685 737 et
702 664 847 737 Carusii
874 687 993 759 usque
1010 665 1055 738 ad
1071 666 1288 761 Aethiopas.

197 805 212 852 ι
235 779 274 850 hi
300 787 338 852 et
362 781 505 872 reliqua
528 779 638 850 huius
663 782 702 865 et
726 785 842 849 totum
867 779 965 863 latus
985 780 1084 873 quod
1100 781 1288 853 meridiem

197 918 213 962 4
238 897 383 986 spectat
399 912 519 984 usque
536 891 573 961 in
586 888 700 962 Asiae
716 889 874 963 confinia
890 890 1095 983 possident.
1122 901 1159 965 at
1177 915 1289 987 super
1319 908 1331 966 1
1352 914 1386 967 ιι

198 1026 212 1073 ι
238 1026 282 1077 ee
315 1025 410 1098 quae
434 1002 574 1096 Libyco
607 1004 697 1074 mari
729 1003 926 1076 abluuntur
951 1002 1086 1095 Libyes
1112 1006 1289 1102 Aegyptii

198 1124 324 1189 esunt
352 1124 390 1188 et
413 1114 728 1211 Leucoaethiopes
760 1125 799 1188 et
829 1117 929 1189 natio
960 1114 1136 1211 frequens
1168 1121 1290 1192 multi·-

198 1251 213 1296 ι
236 1231 397 1324 plexque
413 1230 572 1302 Gaetuli.
618 1229 749 1301 deinde
774 1231 848 1335 late
865 1237 975 1300 vacat
991 1233 1093 1322 regio
1110 1241 1290 1326 perpetuo

197 1363 213 1409 s
237 1351 357 1415 tractu
389 1341 650 1425 inhabitabilis.
707 1349 785 1413 tum
818 1344 956 1435 primus
982 1342 1027 1414 ab
1053 1347 1194 1416 oriente
1219 1344 1289 1416 Ga·

197 1474 213 1520 ι
237 1463 433 1545 ramentas,
456 1463 545 1549 post
568 1456 722 1549 Augilas
748 1464 787 1526 et
801 1453 1049 1549 Trogodytae,
1076 1467 1114 1528 et
1139 1459 1289 1530 ultimos

181 1585 213 1632 1⁰
238 1568 285 1639 ad
310 1589 486 1640 occasum
512 1570 679 1640 Atlantas
709 1568 891 1643 audimus.
942 1572 1049 1662 intra,
1082 1571 1117 1645 si
1139 1570 1290 1642 credere

181 1697 212 1744 ιι
239 1680 347 1773 libet,
381 1683 447 1753 vix
471 1683 544 1752 ium
568 1681 737 1752 homines
770 1682 962 1775 magisque
993 1683 1156 1754 semiferi
1180 1681 1290 1776 Aegi·
1386 1712 1389 1719 ’

182 1810 213 1857 12
238 1816 352 1887 panes
379 1803 416 1867 et
435 1793 608 1886 Blemyes
635 1798 672 1866 et
688 1793 980 1886 Gamphasantes
1005 1804 1044 1866 et
1059 1795 1183 1887 Satyri
1209 1796 1289 1867 sine

106 1977 110 1985 ,
181 1924 214 1984 1³
239 1910 347 1979 tectis
373 1929 418 1979 ao
444 1906 595 1979 sedibus
619 1907 757 2004 passim
775 1908 861 1999 vagi
876 1904 1012 1979 habent
1029 1910 1155 2000 potius
1173 1915 1288 1980 terras

182 2044 215 2092 ιι
239 2041 348 2114 quam
371 2019 545 2093 habitant.

182 2155 214 2203 ιι
311 2133 416 2209 Haec
434 2154 575 2205 summa
593 2133 712 2204 nostri
729 2132 844 2225 orbis,
867 2133 936 2209 hae
952 2133 1135 2204 maximae
1150 2142 1288 2226 partes,
1318 2149 1352 2202 ιι

182 2268 215 2314 ιι
238 2245 307 2318 hae
326 2246 467 2321 fcrmae
486 2253 688 2341 gentesque
704 2246 875 2338 partium.
905 2266 1004 2318 nunc
1017 2246 1186 2317 exactius
1205 2265 1289 2314 oras

182 2379 215 2427 ιι
239 2359 408 2452 situsque
426 2359 569 2430 dicturo
588 2357 673 2430 inde
693 2366 752 2430 est
768 2357 1107 2430 commodissimum
1127 2357 1291 2448 incipere

182 2492 214 2539 ιι
239 2471 335 2544 unde
361 2480 477 2544 terras
494 2470 669 2544 Nostrum
695 2475 848 2565 pelagus
872 2469 1089 2563 ingreditur,
1117 2477 1155 2540 et
1171 2469 1215 2539 ab
1231 2469 1291 2540 his

182 2603 214 2651 ιι
238 2586 471 2678 potissimum
510 2606 604 2679 quae
641 2585 807 2657 influenti
845 2584 974 2656 dextra
1013 2588 1114 2655 sunt:
1159 2582 1291 2653 deinde

180 2718 214 2765 ιι
240 2699 419 2789 stringere
444 2698 552 2768 litora
578 2697 710 2770 ordine
739 2718 814 2791 quo
840 2699 981 2788 iacent,
1013 2696 1291 2788 peragratisque

181 2811 409 2882 nomnibus
443 2830 539 2904 quae
574 2830 675 2882 mare
712 2812 896 2901 attingunt
926 2811 1058 2911 legere
1087 2809 1197 2879 etiam
1229 2808 1292 2878 illa

181 2939 214 2988 ιι
239 2943 333 3016 quae
358 2923 472 3015 cingit
498 2940 677 3008 oceanus3
704 2923 823 2994 donec
847 2943 979 2993 cursus
997 2921 1134 3013 incepti
1153 2920 1291 3013 operis,

180 3054 214 3102 ιι
238 3037 334 3107 intra
371 3043 562 3129 entraquew
584 3036 858 3108 circumvectus
892 3033 1035 3123 orbem,
1075 3035 1165 3104 illuc
1197 3032 1292 3102 unde

181 3167 215 3214 ιι
240 3149 405 3242 coeperit
428 3150 565 3221 redeat.

180 3281 214 3330 ιι
310 3259 461 3334 Dictum
483 3270 540 3333 est
557 3260 779 3331 Atlanticum
796 3279 881 3330 esse
899 3277 1077 3329 oceanum
1095 3255 1158 3349 qui
1175 3263 1291 3325 terras
1319 3274 1354 3328 ιι

182 3394 215 3442 ιι
239 3373 284 3445 ab
309 3375 502 3447 occidente
526 3374 766 3463 contingeret.
817 3371 902 3441 hinc
928 3371 966 3439 in
991 3366 1166 3440 Nostrum
1191 3388 1291 3438 mare

181 3507 214 3555 ιι
238 3487 474 3579 pergentibus
512 3489 620 3557 laeva
655 3484 854 3577 Hispania,
898 3483 1126 3557 Mauretania
1163 3481 1292 3553 dextra

181 3622 214 3669 ιι
239 3606 315 3689 est,
355 3601 493 3692 primae
528 3606 653 3691 partes
686 3599 771 3668 illae
803 3594 992 3689 Europae,
1032 3595 1101 3667 hae
1132 3594 1290 3664 Africae.

181 3732 214 3780 ιι
239 3713 320 3783 eius
353 3734 439 3784 orae
471 3712 553 3783 flnis
586 3710 776 3782 Mulucha:
814 3718 926 3803 caput
956 3717 1067 3802 atque
1098 3707 1289 3779 exordium

181 3843 214 3891 ιι
239 3832 298 3896 est
322 3825 613 3917 promunturium
639 3824 735 3916 quod
761 3816 894 3894 Graeci
921 3821 1184 3915 Ampelusiam,
1211 3817 1290 3889 Afri
