3138 4718
298 388 339 452 26
752 415 754 421 η
816 404 820 409 ’
1112 397 1132 450 1.
1147 397 1264 461 raa-
1281 392 1410 462 latia.

203 580 269 636 193
370 562 536 661 Sequens
564 558 704 638 tractus
731 567 848 657 tangit
873 566 1039 659 Gargara
1063 577 1102 639 et
1117 568 1241 642 Asson
1258 571 1354 643 Aeo·
1399 602 1411 644 1

298 677 416 747 lorum
443 679 624 749 colonias.
681 686 759 749 tum
793 679 896 750 sinus
927 682 1032 777 alter⁴
1045 674 1219 756 Achaeon
1243 684 1354 755 limen
1396 709 1410 755 2

297 804 372 859 non
397 790 506 881 longe
531 789 575 861 ab
600 790 677 863 Jlio
701 792 812 862 litora
837 792 1020 889 incurvat,
1046 793 1145 866 urbe
1167 796 1264 868 bello
1290 808 1353 866 ex·
1396 823 1410 867 a

298 901 471 996 eidioque
502 903 720 975 clarissima.
783 903 845 974 hic
874 902 1025 996 Sigeum
1063 906 1134 978 fuit
1164 907 1351 1002 oppidum,
1395 932 1412 977 4

297 1015 359 1087 hic
394 1013 619 1089 Achivorum
655 1015 728 1087 fuit
762 1015 977 1089 bellantium
1010 1019 1134 1091 statio.
1197 1020 1269 1091 buc
1308 1018 1352 1091 ab
1395 1043 1410 1090 a

296 1127 413 1200 Jdaeo
438 1137 561 1202 monte
588 1129 770 1202 demissus
796 1131 1019 1203 Scamander
1044 1133 1121 1203 exit
1146 1137 1184 1204 et
1200 1132 1350 1224 Simois,
1396 1157 1410 1201 a

235 1246 269 1303 94
296 1241 393 1312 tama
427 1260 536 1336 quam
566 1249 697 1313 natura
726 1227 866 1314 maiora
897 1242 1058 1314 flumina.
1116 1246 1199 1337 ipse
1228 1266 1351 1339 mona,
1397 1268 1410 1310 7

296 1363 425 1426 vetere
448 1354 616 1428 divarum
648 1356 849 1426 certamine
880 1360 918 1427 et
943 1354 1083 1428 iudicio
1106 1355 1251 1430 Paridis
1276 1376 1352 1429 me⁶
1395 1382 1409 1426 a

295 1476 473 1562 moratus,
501 1470 681 1540 orientem
699 1470 816 1540 solem
832 1469 940 1540 aliter
956 1488 1067 1563 quam
1085 1470 1122 1542 in
1139 1472 1223 1542 aliis
1242 1472 1350 1542 terris
1394 1496 1408 1539 a

297 1582 395 1652 solet
417 1580 538 1675 aspici
564 1570 736 1652 ostentat.
781 1598 940 1675 namque
966 1594 1013 1651 ex
1040 1600 1183 1655 summo
1208 1583 1350 1655 vertice
1377 1602 1408 1650 m

297 1695 377 1764 eins
409 1692 687 1787 speculantibus
720 1712 839 1787 paene
875 1712 898 1765 a
935 1692 1056 1765 media
1087 1703 1198 1767 nocte
1229 1695 1349 1790 sparsi
1377 1714 1406 1763 11

296 1809 400 1898 ignes
427 1806 568 1900 passim
596 1806 748 1896 micare,
783 1812 821 1876 et
845 1808 887 1876 ut
912 1808 977 1877 lux
1007 1806 1276 1902 adpropinquat
1297 1807 1349 1878 ira
1376 1830 1407 1880 ιε

296 1922 398 1991 coire
429 1938 474 1990 ac
506 1936 551 1990 se
587 1920 811 2010 coniungere
848 1918 1038 2013 ridentur,
1078 1921 1197 1994 donec
1231 1922 1348 2011 magis
1375 1946 1406 1995 a

293 2034 485 2124 magisque
517 2029 666 2103 collecti
704 2033 903 2125 pauciores
944 2033 1102 2107 subinde
1132 2042 1169 2106 et
1200 2055 1272 2103 una
1301 2031 1348 2103 ad
1375 2058 1407 2105 rr

233 2157 267 2211 95
296 2151 525 2239 postremam
550 2140 694 2216 flamm
718 2143 881 2216 ardeant.
922 2164 967 2217 ea
993 2166 1076 2218 cum
1102 2145 1163 2217 diu
1186 2146 1288 2216 clara
1311 2152 1349 2217 et
1374 2170 1405 2217 ra

295 2256 470 2330 incendio
496 2259 628 2332 similisv
653 2256 812 2348 effulsit,
847 2258 949 2351 cogit
980 2280 1021 2332 se
1046 2280 1091 2331 ac
1114 2258 1287 2330 rotundat
1310 2267 1349 2330 et
1375 2284 1406 2330 rc

294 2373 335 2443 iit
358 2360 490 2466 ingens
516 2372 660 2465 globus.
699 2371 760 2443 diu
786 2372 820 2441 is
835 2388 995 2467 quoqne
1019 2370 1166 2465 grandis
1185 2374 1347 2445 saterris
1375 2396 1405 2442 rr

295 2485 460 2557 adnexus
498 2485 667 2578 adparet,
713 2483 799 2556 dein
835 2487 1010 2578 paulatim
1050 2482 1272 2557 decrescens
1311 2493 1349 2557 et
1374 2509 1405 2554 ra

296 2605 431 2693 quanto
445 2596 634 2675 decrescit
646 2614 691 2669 eo
706 2598 839 2669 clarior
851 2598 955 2690 fugat
966 2596 1171 2669 novissime
1184 2607 1345 2689 noctem,
1373 2622 1404 2667 rc

232 2728 267 2779 sa
295 2718 332 2782 et
364 2728 449 2781 cum
481 2710 541 2781 die
571 2712 643 2782 iam
676 2712 734 2782 sol
764 2711 888 2783 fuctus
919 2709 1110 2781 attollitur.
1167 2719 1272 2782 extra
1296 2711 1347 2812 εἰῇ
1372 2726 1404 2780 ra

294 2840 382 2894 num
409 2829 494 2893 sunt
517 2821 682 2895 Rhoetea
707 2825 829 2916 litora,
861 2846 883 2893 a
907 2821 1074 2895 Rhoetea
1099 2831 1137 2894 et
1161 2821 1347 2899 Dardania
1371 2844 1404 2893 rr

294 2937 405 3007 claris
431 2934 593 3028 urbibus,
619 2935 744 3010 Aiacis
770 2945 892 3008 tamen
919 2938 1093 3028 sepulcro
1108 2940 1266 3009 maxime
1291 2940 1346 3010 in·
1370 2956 1404 3005 m

293 3049 434 3120 lustria.
485 3048 530 3119 ab
561 3048 619 3120 bis
651 3050 691 3121 fit
727 3050 839 3120 artius
869 3064 990 3142 mare,
1026 3070 1095 3122 nec
1128 3052 1201 3121 lam
1229 3051 1348 3124 adluit
1370 3068 1404 3115 aa

294 3171 429 3255 terras,
463 3162 529 3235 sed
560 3182 690 3234 rursus
723 3160 891 3232 dividens
924 3170 1080 3254 angusto
1111 3160 1403 3259 Hellespontia

293 3275 388 3346 freto
412 3276 502 3357 litus
528 3276 678 3348 obvium
702 3271 824 3364 findit,
856 3272 1021 3368 facitque
1049 3277 1248 3350 utiterum
1273 3286 1345 3352 ter·
1370 3296 1404 3343 aa

293 3406 355 3460 rae
380 3408 454 3484 qua
476 3390 558 3461 fluit
582 3386 699 3459 latera
722 3384 808 3457 sint.
1053 3426 1058 3431 ·
1369 3410 1404 3458 rs

106 3528 112 3538 ·
231 3511 264 3562 97
364 3501 528 3574 Jnterius
559 3498 711 3591 Bithyni
742 3506 829 3570 sunt
854 3508 891 3571 et
920 3498 1176 3596 Mariandyni,
1210 3505 1249 3576 in
1279 3524 1343 3576 ora
1369 3522 1401 3566 m

293 3617 415 3708 gralia
440 3600 549 3686 urbes
574 3609 729 3704 Abydos
755 3620 793 3684 et
816 3609 1060 3708 Lampsacum
1086 3624 1124 3688 et
1149 3615 1281 3688 Parion
1306 3624 1344 3687 et
1368 3630 1402 3677 π

291 3725 456 3821 Priapos.
517 3722 671 3815 Abydos
703 3727 827 3830 magni
859 3729 1043 3821 quondam
1075 3726 1210 3802 amoris
1243 3752 1344 3802 com·
1367 3742 1401 3790 29

291 3840 427 3912 mercia
453 3837 610 3931 insignis
636 3846 705 3912 est.
747 3836 989 3933 lampsacum
1015 3841 1193 3915 Phocaeis
1210 3843 1343 3936 ‘appel-
1367 3858 1400 3905 aa
