3134 4710
281 425 324 488 86
1150 428 1210 483 ‚HL
1226 427 1266 492 10,
1280 426 1338 482 5-6
1351 430 1396 482 Tz.

282 602 410 693 gantis
442 623 483 675 se
520 603 670 674 Africae
707 603 936 674 novissimus
981 606 1159 696 angulus,
1206 603 1338 675 iisdem
1383 633 1395 677 1

282 713 412 807 opibus
431 714 498 787 sed
514 717 636 787 minus
655 716 772 787 dives.
821 721 981 788 ceterum
1001 720 1083 788 solo
1102 719 1210 790 etiam
1229 716 1339 787 ditior
1381 743 1396 788 a
1427 717 1430 723 ’
1471 724 1477 735 ’

282 835 320 898 et
343 828 438 901 adeo
470 837 529 901 est
560 828 713 919 fertilis,
749 836 790 901 ut
814 828 960 920 frugum
993 851 1128 921 genera
1152 852 1227 902 non
1254 852 1338 901 cum
1381 856 1395 900 a

284 950 452 1015 serantur
475 941 586 1015 modo
616 942 879 1035 benignissime
911 951 1099 1036 procreet,
1134 942 1200 1014 sed
1226 964 1337 1037 quae·
1379 970 1395 1014 4

166 1068 181 1123 a
203 1073 254 1126 106
282 1055 365 1128 dam
389 1055 587 1149 profundat
611 1057 721 1128 etiam
746 1051 844 1126 *non
870 1063 960 1126 sata.
1011 1056 1072 1128 hic
1089 1055 1252 1128 Antaeus
1279 1078 1336 1127 re·
1381 1082 1395 1128 a

281 1188 417 1262 gnasse
449 1169 603 1259 dicitur,
640 1178 678 1241 et
711 1170 856 1263 signum
889 1168 988 1261 quod
1019 1168 1165 1240 fabulae
1197 1172 1336 1241 clarum
1378 1195 1394 1239 a

280 1304 433 1376 prorsus
452 1282 657 1354 ostenditur
676 1283 784 1354 collis
804 1281 974 1353 modicus
991 1283 1157 1376 resupini
1174 1281 1334 1352 hominis
1379 1307 1394 1352 a
1484 1278 1488 1283 ’

281 1395 442 1489 imagine
467 1396 637 1488 iacentis⁷
664 1397 765 1466 illius
792 1404 833 1466 ut
849 1395 997 1467 incolae
1013 1395 1138 1467 ferunt
1154 1396 1335 1466 tumulus:
1378 1420 1394 1465 a

169 1500 171 1503 ’
280 1508 378 1581 unde
391 1509 452 1581 ubi
470 1511 592 1603 aliqua
609 1531 695 1604 pars
713 1516 818 1587 eruta
838 1516 895 1578 est
913 1511 1034 1579 solent
1046 1506 1181 1580 imbres
1196 1508 1334 1602 spargi,
1378 1532 1393 1576 a

203 1638 254 1691 107
281 1630 319 1695 et
344 1622 462 1695 donec
494 1622 635 1695 effossa
661 1625 871 1715 repleantur
903 1623 1089 1693 eveniunt.
1146 1621 1334 1691 hominum
1361 1642 1394 1687 lo

280 1757 364 1831 pars
391 1737 507 1808 silvas
533 1736 786 1829 frequentant,
818 1736 938 1806 minus
970 1755 1079 1829 quam
1105 1755 1199 1827 quos
1224 1733 1335 1813 modo
1361 1755 1391 1800 11
1465 1826 1467 1831 Ι

280 1850 442 1921 diximus
469 1850 569 1939 vagi:
598 1869 684 1941 pars
710 1849 749 1919 in
773 1845 925 1918 urbibus
951 1854 1083 1939 agunt,
1118 1866 1270 1940 quarum
1296 1854 1336 1916 ut
1361 1868 1393 1915 12

280 1964 375 2033 inter
392 1982 527 2055 parvas
544 1961 849 2053 opulentissimae
866 1958 1044 2029 habentur
1059 1961 1190 2052 procul
1206 1980 1229 2028 a
1244 1959 1335 2028 mari
1361 1982 1392 2028 ra

280 2074 441 2147 Gildavo
465 2070 701 2167 Dubritania,'
729 2073 883 2167 propius
909 2079 1033 2141 autem
1058 2070 1144 2142 Sala
1169 2078 1206 2142 et
1229 2068 1334 2142 Lixio
1361 2101 1393 2147 ιι

279 2188 421 2260 flumini
437 2185 540 2259 Limo
565 2188 742 2281 proxima.
785 2187 880 2256 ultra
905 2190 964 2256 est
981 2185 1127 2255 colonia
1144 2189 1181 2256 et
1196 2175 1333 2257 fluvius
1360 2213 1392 2261 ro

281 2301 362 2375 Gna
379 2309 416 2375 et
433 2300 529 2374 unde
545 2301 689 2375 initium
700 2299 858 2372 fecimus
872 2295 1087 2391 Ampelusia
1103 2298 1143 2371 in
1155 2295 1334 2370 Nostrum
1360 2327 1392 2372 ιο

280 2417 354 2488 iam
377 2414 512 2486 fretum
538 2434 696 2507 vergens
728 2411 1043 2507 promunturium,
1074 2412 1197 2506 operis
1223 2412 1334 2484 huius
1360 2440 1392 2487 17

281 2537 391 2622 atquc
414 2518 589 2602 Atlantici
613 2528 734 2599 litoris
761 2527 951 2599 terminus.
1361 2552 1391 2596 n
