3138 4718
305 373 324 434 6
1233 377 1252 428 Ι.
1266 376 1291 441 2,
1301 376 1359 430 Μ
1372 378 1418 430 Ta.

305 550 422 642 ipsam
449 550 588 641 gremio
614 551 660 621 ad
685 547 823 621 Tanain
855 570 973 642 usqne
1007 555 1191 645 conplexa
1215 552 1254 624 fit
1279 553 1360 646 ripa
1405 582 1417 625 1

210 673 275 732 111
306 682 379 757 qua
393 660 528 735 Tanais
554 669 623 734 cst.
662 664 700 734 in
726 684 770 733 ea
794 661 933 754 primos
950 663 1139 737 hominurn
1157 665 1201 737 ab
1220 667 1360 738 oriente
1403 690 1418 735 2

304 775 508 868 accipimus
525 774 644 847 Jndos
661 783 700 848 et
716 776 826 847 Seras
843 783 881 847 ct
897 776 1069 868 Scythas.
1113 780 1223 851 Seres
1240 779 1361 851 media
1402 805 1417 850 a
1552 759 1557 787 ⁴

303 888 418 961 ferme
449 885 550 961 ane
581 890 697 983 partis
731 890 917 978 incolunt,
956 888 1044 961 Jndi
1074 893 1218 963 ultimae
1250 893 1359 964 ambo
1402 916 1418 960 r

303 1001 378 1072 late
401 1008 569 1095 patentes
594 1023 716 1097 neque
741 1004 779 1073 in
804 1003 876 1073 hoc
897 1008 1039 1074 tantum
1062 1007 1215 1097 pelagus
1234 1004 1358 1077 effusi.
1403 1024 1417 1071 a

304 1121 473 1208 spectant
498 1115 596 1188 enim
622 1116 732 1188 etiam
758 1115 947 1188 meridiem
972 1114 1073 1209 Jndi,
1101 1139 1276 1212 oramque
1293 1116 1359 1188 Jn-
1402 1140 1417 1184 r
1459 1163 1463 1171 -

304 1226 379 1299 dici
409 1229 540 1322 marie,
567 1230 640 1300 nisi
672 1229 795 1324 quoad
825 1236 951 1301 aestus
984 1230 1255 1302 inhabitabilem
1278 1215 1360 1302 eiiiss
1403 1251 1417 1294 r

304 1342 419 1433 ciunt,
446 1341 508 1412 diu
536 1342 723 1414 continuis
749 1342 919 1434 gentibus
945 1352 1141 1436 occupant.
1189 1351 1360 1438 spectant
1402 1365 1417 1410 e

304 1462 342 1526 et
361 1455 651 1551 septentrionem
667 1454 843 1547 Scythae,
864 1475 907 1526 ao
923 1456 1011 1526 litus
1029 1455 1259 1550 Scythicum,
1285 1458 1359 1529 nisi
1401 1477 1416 1521 a

304 1567 404 1639 unde
428 1566 628 1660 frigoribus
660 1575 851 1660 arcentur,
887 1588 1007 1662 usque
1036 1568 1083 1640 ad
1109 1566 1284 1663 Caspium
1309 1562 1359 1641 si·
1385 1589 1416 1635 ro

244 1697 277 1752 12
302 1700 392 1755 num
410 1681 617 1774 possident.
653 1678 762 1753 Jndis
778 1680 946 1774 proxima
962 1687 1020 1751 est
1034 1679 1205 1774 Ariadne,
1226 1681 1359 1755 deinde
1384 1699 1415 1744 11

301 1792 391 1865 Aria
420 1801 458 1866 et
490 1791 666 1865 Cedrosis
697 1801 734 1863 et
767 1791 891 1865 Persis
924 1791 971 1863 ad
1004 1794 1126 1866 sinum
1156 1793 1358 1867 Persicum.
1384 1812 1416 1858 12

301 1906 401 1998 hune
437 1907 564 2000 populi
606 1904 800 1978 Persarum
838 1904 1020 1998 ambiunt,
1062 1908 1166 1978 illum
1202 1909 1416 1979 alterumn

302 2019 454 2093 Arabes.
506 2019 550 2091 ab
581 2019 639 2092 his
672 2018 772 2113 quod
804 2021 842 2091 in
872 2020 1033 2092 Africam
1064 2028 1181 2093 restat
1208 2019 1357 2092 Aethio·
1384 2041 1417 2086 14

302 2154 391 2228 pum
423 2141 494 2205 est.
549 2133 628 2206 iilic
654 2131 829 2229 Caspiani
861 2133 1013 2225 Scythis
1045 2134 1205 2227 proximi
1237 2133 1357 2206 sinum
1384 2157 1416 2204 ra

305 2243 479 2341 Caspium
512 2247 675 2339 cingunt.
731 2248 828 2317 ultra
855 2246 1063 2319 Amazones
1094 2248 1262 2341 ultraque
1293 2266 1357 2318 eas
1384 2266 1418 2312 ra

242 2369 276 2425 13
302 2357 537 2453 Hyperborei
563 2380 648 2431 esse
672 2365 930 2432 memorantur.
981 2359 1155 2431 interiora
1180 2368 1358 2431 terrarum
1385 2378 1415 2423 u

303 2475 441 2545 multae
453 2473 654 2568 variaeque
671 2479 801 2565 gentes
814 2471 991 2564 habitant,
1007 2471 1180 2565 Gandari,
1198 2472 1355 2561 Pariani,
1384 2488 1417 2533 ιε

303 2584 440 2678 Bactri,
455 2585 641 2678 Subsiani,
657 2583 994 2679 Pharmaeotrophi,
1009 2585 1224 2675 Chomarae,
1241 2583 1358 2653 Choa·
1383 2602 1414 2649 ιθ

303 2701 416 2792 mani,
442 2697 628 2793 Ropanes,
654 2695 783 2772 Dahae
809 2721 920 2793 super
943 2699 1103 2788 Scythas
1120 2695 1357 2788 Scytharum·
1382 2715 1414 2763 eo

305 2833 377 2907 que
408 2804 573 2904 desmta,
611 2834 656 2884 ac
688 2834 800 2905 super
831 2809 1006 2906 Caspium
1040 2811 1161 2879 sinum
1193 2807 1355 2899 Comari,
1382 2828 1414 2874 ar

304 2925 553 3018 Massagetae,
579 2924 729 3018 Cadusi,
754 2924 934 3015 Hyrcani,
952 2922 1094 3013 Hiberi,
1122 2943 1234 3015 super
1248 2920 1358 2994 Ama·
1381 2940 1416 2987 rr

305 3060 420 3111 zonas
438 3047 476 3111 et
491 3036 756 3132 Hyperboreos
777 3036 974 3126 Cimmerii,
1003 3032 1114 3125 Cissi,
1141 3034 1356 3126 Anthiacae,
1381 3054 1415 3103 aa

305 3153 483 3247 Georgili,
508 3150 668 3242 Moschi,
695 3150 874 3239 Corsitae,
899 3146 1105 3237 Phoristae,
1125 3146 1356 3241 Rimphaces,
1382 3167 1415 3214 rr

304 3275 415 3361 atque
448 3266 510 3338 ubi
543 3268 580 3336 in
613 3272 740 3335 nostra
769 3263 882 3333 maria
908 3268 1047 3333 tractus
1077 3262 1226 3333 excedit
1249 3261 1356 3353 Mati,
1382 3279 1414 3326 2⁶

304 3379 517 3452 Antibarani
542 3387 581 3449 et
605 3377 750 3448 notiora
775 3375 846 3446 iam
871 3374 1021 3445 nomina
1042 3373 1156 3465 Medi,
1182 3376 1355 3467 Armenii,
1381 3392 1414 3436 ra

306 3492 555 3585 Commageni,
583 3488 757 3580 Murrani,
778 3487 922 3579 Vegeti,
951 3487 1205 3581 Cappadocae,
1233 3488 1357 3559 Gallo·
1380 3500 1413 3544 2⁷

305 3607 442 3700 graeci,
465 3601 671 3692 Lycaones,
696 3599 876 3692 PhrygeS,
901 3598 1060 3693 Pisidae,
1085 3599 1222 3689 Jsauri,
1248 3597 1354 3689 Lydi,
1380 3615 1412 3658 2³

245 3734 278 3786 14
305 3714 543 3808 Syrocilices.
587 3734 715 3784 rursus
733 3734 781 3783 ex
797 3712 854 3782 his
874 3734 966 3807 quae
983 3713 1173 3784 meridiem
1190 3714 1357 3803 spectant
1380 3726 1412 3773 aa

305 3827 529 3921 eaedemque
555 3818 684 3918 gentes
712 3826 886 3897 interiora
903 3826 1013 3896 litora
1028 3833 1154 3896 tenent
1173 3842 1289 3916 usque
1308 3820 1355 3892 ad
1379 3841 1412 3888 ao
