3134 4710
159 404 206 459 111.
225 404 250 469 7,
264 403 324 458 8—
334 404 359 469 8,
371 405 389 462 ,4
403 405 448 458 Tr.
1232 408 1272 469 79

179 609 191 652 1
218 581 316 652 ostia
341 601 423 651 rara
449 587 550 650 tenet
574 580 690 671 regie,
718 578 765 649 ob
791 587 919 652 aestus
938 581 1186 652 intolerabiles
1206 582 1272 650 ali·

178 718 192 763 a
219 692 303 764 cubi
337 692 541 765 cultoribus
576 713 702 784 egens.
761 693 846 763 inde
878 693 924 763 ad
955 694 1135 786 principia
1162 692 1273 766 Rubri

177 807 329 877 amaris
351 808 522 899 pertinet
552 805 635 897 ipsa
666 807 767 877 invia
798 813 909 898 atque
941 805 1103 891 deserta;
1140 807 1272 879 humus

177 920 334 990 reineri
370 920 488 1011 magis
527 918 567 990 lit
606 940 714 1010 quam
747 920 892 1010 pulveri
923 921 1074 1010 similis,
1114 920 1273 1013 ideoque

178 1035 298 1124 sper'
314 1053 395 1103 eam
426 1052 507 1101 rara
544 1038 582 1100 ct
619 1051 694 1101 non
731 1031 882 1123 grandia
910 1033 1059 1105 flumina
1088 1042 1271 1125 emanant,

179 1165 375 1238 equorum
403 1141 631 1215 Tuberonem
662 1149 700 1214 et
728 1141 921 1216 Arusacen
950 1146 1145 1218 notissima
1174 1147 1272 1219 acci·

179 1259 353 1350 rpimus
1161 1282 1164 1285 ·

178 1396 193 1442 a
292 1368 453 1469 Rubrum
484 1391 583 1441 mare
610 1369 761 1462 Graeci,
797 1372 878 1442 sive
909 1373 994 1464 quia
1026 1374 1106 1445 eius
1133 1373 1272 1444 coloris
1300 1386 1369 1443 372

177 1508 191 1551 a
218 1491 278 1555 est
304 1485 385 1554 sive
412 1484 497 1575 quia
523 1483 574 1553 ibi
598 1481 775 1575 Erythras
802 1486 969 1576 regnavit
985 1483 1169 1577 Erythran
1195 1486 1273 1556 tha·

162 1619 194 1664 ιο
218 1598 345 1668 lassan
370 1598 567 1688 appellant:
592 1599 841 1688 procellosum
859 1618 1032 1689 asperum
1053 1618 1165 1686 mare,
1190 1619 1273 1690 pro·

162 1710 372 1781 usandum
398 1719 436 1781 et
459 1730 675 1801 magnorum
700 1711 910 1782 animalium
934 1713 1051 1804 magis
1078 1733 1187 1804 quam
1213 1734 1272 1782 ce-

163 1845 194 1891 ra
219 1831 297 1894 tera
328 1844 458 1916 capax.
515 1823 634 1915 primo
667 1824 884 1896 recedentes
916 1846 1001 1897 oras
1035 1825 1274 1919 aequabiliter

162 1961 194 2008 ra
219 1936 380 2029 inpellit,
414 1943 451 2006 et
477 1944 615 2007 utnon
641 1937 752 2007 intret
778 1938 932 2009 interius
959 1942 1184 2032 aliquantum
1208 1960 1272 2031 pa·

162 2066 194 2113 14
219 2056 301 2121 tens
327 2049 433 2121 sinus
459 2056 599 2120 arcuat.
657 2049 724 2121 sed
750 2071 842 2143 quas
869 2052 971 2143 ripas
997 2052 1189 2123 inflexerat
1213 2051 1270 2122 bis

161 2182 192 2230 lb
219 2162 405 2254 inrumpit,
434 2159 603 2254 duosque
627 2162 757 2232 iterum
785 2162 888 2233 sinus
919 2165 1046 2255 aperit.
1097 2161 1270 2234 Persicus
1298 2180 1354 2242 73'

147 2282 193 2346 'rr
217 2282 374 2348 vocatur
386 2273 495 2345 dictis
509 2273 722 2364 regionibus
735 2277 897 2369 propior,
912 2275 1091 2347 Arabicus
1106 2277 1269 2347 ulterior.

161 2414 193 2460 rr
220 2386 393 2460 Persicus
419 2408 492 2480 qua
515 2407 616 2457 mare
641 2388 779 2480 accipit
803 2389 986 2482 utrimque
1010 2389 1122 2459 rectis
1149 2389 1271 2458 lateri-

161 2501 288 2574 rebus
327 2501 462 2594 grande
500 2500 635 2571 ostium
681 2503 787 2593 quasi
824 2502 972 2573 cervice
1010 2502 1269 2593 conplectitur,

161 2640 192 2686 rs
219 2617 303 2688 dein
331 2615 438 2686 terris
464 2614 503 2684 in
527 2634 673 2685 omnem
698 2620 839 2706 partem
857 2623 963 2687 vaste
987 2624 1024 2686 et
1047 2636 1164 2709 aequa
1187 2636 1271 2708 por·

159 2750 193 2796 20
219 2732 318 2802 tione
345 2726 560 2799 cedentibus
587 2748 720 2820 magno
750 2729 899 2799 litorum
924 2727 1012 2799 orbe
1037 2730 1193 2822 pelagus
1218 2729 1273 2799 in·

160 2862 193 2909 21
220 2844 371 2933 cingens
403 2838 521 2910 reddit
552 2839 707 2911 formam
739 2841 872 2933 capitis
902 2843 1061 2913 humani·
1126 2840 1274 2912 Arabici
1302 2861 1336 2913 74

160 2976 207 3021 aa·
220 2962 258 3025 et
283 2975 326 3024 os
352 2946 467 3024 artius
487 2960 525 3024 et
540 2952 698 3023 latitudo
713 2955 834 3024 minor
856 2961 928 3046 est,
954 2956 1070 3026 maior
1086 2955 1273 3046 aliquanto

159 3085 192 3132 aa
219 3086 392 3139 recessus
410 3072 448 3137 et
464 3067 580 3136 multo
597 3064 714 3157 magis
732 3067 842 3156 longa
865 3067 991 3136 latera.
1042 3067 1111 3136 init
1126 3068 1272 3158 penitus

11 3152 13 3181 ⁶
71 3180 73 3184 ‘
159 3200 193 3247 ar
219 3182 494 3272 introrsusque,
534 3176 621 3248 dum
652 3174 862 3269 Aegyptum
893 3197 1011 3270 paene
1044 3185 1081 3247 et
1111 3185 1274 3250 montem

159 3311 193 3360 aa
218 3294 373 3364 Arabiae
401 3289 550 3363 Casium
576 3289 753 3384 adtingat,
787 3289 945 3383 quodam
974 3289 1125 3381 fastigio
1150 3292 1272 3362 minus

160 3425 193 3470 aa
218 3427 263 3478 ao
288 3407 409 3477 minus
435 3407 548 3494 latuS,
574 3410 613 3474 et
638 3426 711 3498 quo
736 3404 854 3497 magis
878 3410 1046 3496 penetrat
1070 3405 1272 3495 angustior.

159 3517 262 3590 arab
292 3519 352 3589 his
385 3538 478 3610 quae
514 3516 674 3587 diximus
714 3517 761 3586 ad
800 3518 922 3588 sinum
953 3514 1160 3609 Persicum,
1198 3520 1272 3590 nisi
1299 3534 1334 3589 75

159 3654 192 3700 aa
217 3629 279 3702 ubi
297 3627 574 3722 Chelonophagi
598 3636 798 3720 morantur,
827 3629 972 3701 deserta
989 3637 1086 3702 sunt
1132 3632 1271 3724 inipso

159 3768 191 3814 aa
218 3742 401 3815 Carmanii
436 3741 689 3835 navigantium
727 3741 879 3814 dextera
904 3744 1018 3836 positi
1050 3744 1132 3815 sine
1163 3750 1270 3815 veste

158 3878 191 3923 ro
216 3878 261 3929 ac
285 3856 390 3947 fruge
416 3856 497 3927 sine
523 3872 660 3945 pecore
686 3875 730 3925 ao
756 3853 907 3926 sedibus
933 3857 1091 3948 piscium
1117 3863 1203 3928 cute
1228 3878 1270 3928 se
