3134 4710
295 408 337 470 70
1183 407 1229 460 ΙΙΙ.
1249 405 1274 472 5,
1289 408 1350 460 1-4
1363 407 1409 460 Tz.

296 586 435 673 colunt,
468 583 547 652 lere
577 603 706 652 omnes
738 590 776 652 et
801 584 839 652 in
870 603 981 652 unum
1006 579 1140 654 Belcae
1165 580 1350 674 adpellati.
1396 611 1408 654 1

295 696 333 766 in
360 696 523 767 Asiatico
549 695 657 766 litore
683 696 789 788 primi
811 694 1044 787 Hyperborei
1071 717 1184 788 super
1209 696 1350 787 aquilo·
1394 719 1409 763 a

294 830 378 880 nem
404 808 664 902 Riphaeosque
695 815 840 879 montes
874 808 942 878 sub
974 810 1058 901 ipso
1085 810 1245 879 siderum
1272 829 1350 879 car·
1394 833 1409 879 a

295 923 380 993 dine
411 922 549 1007 iacent;
589 920 651 991 ubi
690 923 748 993 sol
782 943 855 992 non
895 922 1032 993 cotidie
1065 930 1105 993 ut
1143 921 1249 993 uobis
1284 921 1351 992 sed
1393 944 1409 989 4

293 1036 450 1128 primum
475 1057 592 1107 verno
618 1036 856 1129 aequinoctio
882 1042 1032 1107 exortus
1060 1036 1261 1106 autumnali
1287 1034 1349 1105 de·
1393 1054 1408 1100 r

293 1169 392 1219 mum
418 1147 573 1233 occidit3
607 1147 691 1219 ideo
718 1170 786 1219 sex
812 1147 998 1219 mensibus
1030 1148 1108 1220 dies
1136 1156 1172 1219 et
1198 1146 1350 1219 totidem
1393 1169 1408 1216 c

196 1279 213 1334 1
231 1282 265 1336 31
294 1263 378 1334 aliis
396 1282 472 1332 nox
489 1283 610 1355 usquc
627 1262 802 1333 continua
821 1267 890 1334 est.
942 1268 1037 1333 terra
1052 1267 1208 1353 augusta
1224 1261 1349 1355 aprica
1394 1281 1408 1325 r

273 1397 360 1471 ‚per
396 1397 438 1448 se
474 1374 620 1447 fertilis.
692 1378 854 1447 cultores
899 1375 1094 1446 iustissimi
1132 1384 1169 1446 et
1207 1374 1347 1446 diutius
1393 1395 1408 1441 a

295 1509 403 1584 quam
438 1489 504 1559 ulli
533 1489 743 1559 mortalium
777 1497 814 1558 et
842 1487 986 1557 beatius
1012 1489 1156 1558 vivunt.
1215 1487 1350 1581 quippe
1393 1507 1408 1551 o

293 1603 393 1673 festo
434 1622 580 1694 semper
618 1602 695 1672 otio
733 1601 820 1670 laeti
858 1622 931 1673 non
970 1601 1066 1672 bella
1102 1622 1244 1673 novere
1274 1621 1350 1671 non
1376 1618 1408 1664 ιο

294 1718 430 1809 iurgia⁷
464 1717 582 1787 sacris
617 1715 758 1808 operati
783 1717 941 1785 maxime
966 1712 1167 1807 ApolliniS,
1196 1734 1349 1807 quorum
1376 1729 1407 1774 11

294 1830 474 1924 primitias
501 1826 622 1899 Delon
647 1828 796 1899 misisse
823 1827 929 1899 initio
961 1850 1027 1920 per
1051 1828 1218 1919 virgines
1246 1848 1348 1918 suaS,
1376 1842 1407 1888 11

295 1942 427 2014 deinde
454 1963 520 2035 per
544 1941 703 2033 populos
723 1938 877 2009 subinde
895 1939 1080 2010 uadentes
1099 1939 1347 2030 ulterioribus⁷
1375 1954 1407 2001 11

293 2076 507 2149 moremque
533 2074 616 2124 eum
644 2051 707 2123 diu
734 2060 771 2123 et
797 2052 916 2141 donec
940 2053 1035 2124 vitio
1054 2054 1217 2145 gentium
1237 2058 1348 2123 teme·
1375 2068 1408 2115 14

294 2177 396 2241 ratus
423 2176 481 2238 est
506 2186 677 2237 servasse
702 2163 921 2236 referuntur.
963 2165 1126 2235 habitant
1150 2168 1257 2235 lucos
1284 2165 1349 2234 sil·
1376 2184 1407 2232 u

295 2303 451 2375 vasque,
487 2286 524 2350 et
550 2279 612 2351 ubi
639 2300 703 2350 eos
730 2278 883 2349 vivendi
914 2279 1065 2350 satietas
1095 2277 1213 2368 magis
1241 2296 1349 2369 quam
1375 2294 1407 2341 rc

295 2394 455 2466 taedium
482 2393 598 2486 oepit,
634 2390 768 2462 hilares
799 2391 959 2462 redimiti
991 2391 1100 2461 sertis
1134 2395 1252 2460 semet
1275 2390 1355 2481 ipsi·
1376 2406 1407 2452 rr

294 2511 333 2580 in
358 2507 512 2600 pelagus
539 2525 586 2575 ex
613 2510 714 2574 certa
738 2525 828 2596 rupe
852 2504 1073 2596 praecipites
1095 2501 1191 2573 dant.
1238 2501 1348 2572 ideis
1376 2515 1407 2562 11

294 2622 408 2692 funus
435 2618 610 2688 eximium
635 2623 704 2689 est.
1375 2631 1406 2677 19

233 2755 268 2809 as
369 2731 474 2802 Mare
513 2728 688 2822 Caspium
727 2738 766 2801 ut
804 2741 960 2826 angusto
999 2731 1051 2800 ita
1088 2732 1200 2820 longo
1238 2727 1348 2797 etiam
1374 2744 1407 2790 ao

294 2847 390 2917 freto
416 2844 573 2937 primum
600 2850 716 2914 terras
740 2846 847 2936 quasi
868 2843 1005 2913 fluvius
1024 2840 1212 2931 inrumpit,
1238 2845 1349 2932 atque
1374 2846 1405 2902 11

296 2960 359 3032 ubi
384 2966 486 3030 recto
513 2960 620 3029 alveo
651 2958 796 3028 influxit
821 2958 859 3027 in
885 2963 959 3027 tres
986 2956 1090 3026 sinus
1118 2950 1348 3036 diffunditur3
1373 2968 1407 3014 11

295 3081 423 3145 contra
453 3092 497 3142 os
529 3072 650 3165 ipsum
682 3073 719 3140 in
745 3068 993 3160 Hyrcanium,
1026 3065 1073 3136 ad
1099 3066 1286 3137 sinistram
1311 3066 1349 3134 in
1373 3079 1407 3129 aa

295 3186 531 3277 Scythicum,
563 3184 610 3254 ad
637 3184 800 3253 dextram
828 3183 866 3251 in
897 3201 980 3252 eum
1008 3200 1115 3272 quem
1141 3179 1288 3272 proprie
1313 3186 1350 3248 et
1373 3193 1407 3242 14

296 3300 409 3371 totius
448 3298 597 3370 nomine
636 3292 810 3384 Caspium
855 3291 1054 3385 adpellant:
1099 3312 1206 3363 omne
1244 3298 1349 3362 atrox
1373 3305 1406 3352 11

297 3432 449 3484 saevum
476 3412 557 3481 sine
587 3403 774 3499 portibus,
806 3405 982 3497 procellis
1014 3404 1176 3498 undique
1202 3404 1348 3497 exposi·
1373 3417 1406 3464 11

296 3533 391 3615 tum,
431 3544 475 3594 ac
505 3518 625 3591 belvis
660 3515 776 3607 magis
809 3536 918 3609 quam
953 3522 1076 3587 cetera
1106 3515 1279 3587 refertum
1312 3523 1349 3587 et
1373 3527 1406 3574 11

296 3637 381 3710 ideo
406 3637 526 3707 minus
552 3628 772 3722 navigabile.
824 3629 870 3698 ad
897 3630 1158 3701 introeuntium
1185 3628 1349 3700 dextram
1374 3643 1407 3690 28

233 3764 269 3818 39
295 3751 457 3843 Scythae
487 3743 672 3817 Nomades
704 3743 789 3824 freti
821 3743 988 3815 litoribus
1021 3742 1193 3816 insident.
1251 3744 1348 3814 intus
1374 3758 1407 3804 11

297 3860 454 3938 suntad
481 3857 657 3952 Caspium
683 3861 804 3931 sinum
831 3856 956 3950 Caspii
986 3866 1022 3928 et
1047 3856 1254 3928 Amazones
1281 3853 1347 3925 sed
1374 3872 1406 3917 ao
