3128 4712
549 1084 673 1149 menn
697 1087 884 1169 nonme.

247 1438 326 1496 1-3
353 1438 511 1513 Pomponii
530 1438 626 1497 Melae
651 1440 688 1496 de
714 1438 929 1514 chorographiis
952 1438 1027 1495 liber
1050 1439 1195 1499 secundus
1215 1458 1266 1497 ex·
1287 1451 1399 1528 papst

164 1530 253 1607 plioit
283 1531 388 1609 incipit
407 1531 524 1606 tertius]
544 1538 585 1592 sic
604 1533 634 1592 A
718 1532 871 1609 pomponii
890 1532 986 1590 melae
1005 1531 1081 1593 liber
1099 1533 1212 1605 tertius,
1236 1533 1268 1593 in

165 1644 221 1701 quo
242 1627 384 1687 ambitum
405 1628 485 1687 orbis
504 1637 535 1687 et
560 1628 664 1687 oceani
684 1645 766 1686 orem
792 1646 827 1684 ec
853 1627 1016 1687 insularum
1035 1628 1100 1687 cius
1119 1628 1269 1706 eleganter
1375 1683 1397 1691 .,

164 1721 301 1779 describit
326 1721 394 1780 Vm.
496 1722 649 1799 pomponii
670 1721 756 1779 melle
777 1722 1001 1799 cosmographia
1019 1722 1095 1780 liber
1115 1724 1218 1785 tertius
1239 1734 1269 1787 et

164 1817 282 1876 ultimus
300 1816 405 1892 incipit
436 1817 520 1876 Vind.
622 1837 650 1894 p.
672 1815 748 1875 mele
769 1816 806 1874 de
826 1817 1053 1893 cosmographia
1071 1817 1147 1877 liber
1166 1819 1197 1877 11
1217 1838 1267 1879 ex-

163 1910 252 1986 plicit.
283 1911 387 1986 incipit
407 1912 510 1970 tertius
543 1911 570 1971 θ
709 1910 833 1986 explicit
855 1911 931 1968 liber
955 1913 1100 1971 secundus
1126 1912 1268 1989 pomponi

162 2004 250 2064 melle
269 2006 307 2063 de
332 2008 534 2083 cosmogrsfis.
568 2007 672 2082 incipit
691 2006 795 2064 tertius
824 2003 854 2062 L
977 2007 1099 2082 explicit
1121 2007 1196 2069 libor
1221 2027 1267 2069 se-

163 2100 274 2159 cundus
304 2102 458 2177 pomponii
489 2102 583 2160 melae
609 2102 646 2159 de
672 2101 845 2178 corogrsfio.
891 2110 1106 2177 consequenter
1136 2102 1267 2163 eiusdem

162 2196 313 2270 pomponii
332 2197 428 2254 melae
448 2197 485 2254 de
503 2196 676 2273 corogrofis.
710 2195 814 2270 incipit
831 2195 907 2253 liber
927 2195 1029 2255 tertius
1062 2197 1122 2259 ost.
1203 2215 1267 2255 oos-

163 2290 353 2365 mogrsphise
373 2307 425 2347 seu
446 2290 651 2365 descriptionis
666 2289 746 2349 orbis
760 2289 911 2365 pomponii
925 2289 1020 2348 melae
1033 2289 1109 2349 liber
1121 2291 1267 2350 secundus

164 2382 292 2458 explicit.
324 2383 427 2458 incipit
440 2383 695 2455 tertinseiusdem‚
710 2384 760 2443 ubi
773 2385 915 2443 ambitum
928 2384 1009 2444 orbis
1022 2394 1052 2443 et
1065 2403 1148 2443 oram
1163 2386 1267 2443 coetui

163 2488 193 2536 et
205 2477 367 2537 insularum
380 2478 442 2537 eius
456 2478 595 2537 desc1ibit
623 2476 727 2538 Parc?
784 2481 802 2538 3
818 2490 888 2555 post
899 2479 1002 2540 tertius
1016 2478 1046 2538 A
1058 2481 1127 2538 odd.
1140 2479 1266 2541 feliciter

201 2571 256 2631 ΠΙ.
277 2568 336 2646 §t
377 2575 529 2649 45quos
542 2572 837 2649 amplectituroneG
916 2576 988 2635 §ut
1008 2594 1061 2634 oto.
1076 2575 1107 2635 A
1131 2572 1144 2640 ΙΙ
1167 2573 1266 2649 initio]

161 2669 192 2726 in
211 2667 296 2727 initio
315 2668 414 2728 Home
515 2669 534 2728 6
554 2667 659 2745 cingit]
679 2670 774 2746 gignit
796 2668 912 2733 Orosi
937 2664 950 2739 ΙΙ
974 2669 1079 2731 oceani
1098 2669 1264 2745 descriptio.

161 2763 287 2823 stratio
306 2762 457 2825 crescendi
477 2781 514 2820 eo
532 2764 684 2823 minuendi
706 2782 797 2841 mcrq.
813 2765 842 2824 A
901 2775 983 2824 estus
1002 2765 1103 2839 occsnj
1129 2783 1220 2841 morp.
1235 2765 1265 2823 L

162 2856 282 2932 elegans
301 2857 445 2921 dissensio
466 2858 503 2915 de
523 2876 628 2918 ooessu
648 2877 683 2917 ec
702 2877 821 2923 recessu
841 2859 961 2917 occeani
978 2859 1033 2919 sub
1051 2859 1184 2934 pluribus
1202 2861 1265 2936 opi-

162 2950 299 3009 nionibus
318 2952 356 3009 de
376 2969 435 3027 quo
455 2952 511 3013 luo.
532 2951 564 3011 in
583 2953 679 3028 primo
708 2952 842 3031 marg-G
941 2954 959 3012 7
991 2951 1033 3027 et]
1053 2954 1078 3011 it
1097 2953 1187 3013 ABK
1203 2954 1263 3015 Cib.

173 3040 186 3114 ΙΙ
198 3045 380 3103 concinctum
400 3047 431 3105 P
528 3047 753 3123 8oppellantur
771 3050 803 3106 D
833 3044 846 3113 ΙΙ
876 3046 966 3105 modo
979 3044 1153 3122 (utromque)
1167 3067 1220 3106 om.
1234 3048 1264 3106 L

171 3135 185 3205 ΙΙ
196 3139 321 3198 innodat
333 3156 453 3214 campos
466 3143 511 3200 tio
521 3161 574 3203 om.
586 3153 613 3203 ot
622 3144 691 3201 odd.
701 3145 832 3216 iomarp.
838 3159 889 3216 pr.
899 3160 936 3199 ne
947 3138 977 3199 L
1056 3142 1073 3200 9
1095 3139 1144 3214 eo]
1157 3160 1225 3201 cum
1238 3143 1266 3201 P

152 3235 259 3315 ‘Haste
270 3232 374 3292 Paos
388 3234 483 3293 Voss
497 3236 564 3297 Vct
576 3234 589 3303 ΙΙ
602 3234 676 3310 non]
690 3255 746 3295 neo
759 3238 789 3296 P
800 3235 893 3301 Voti
931 3252 987 3294 nec
1001 3234 1039 3292 od
1050 3235 1126 3297 Pint-
1138 3235 1264 3299 Vedios.

164 3330 274 3390 Oltoor.
293 3328 383 3388 Visst
399 3327 506 3388 Sclott
580 3350 658 3389 nunc
678 3331 783 3391 ΡΜ
823 3328 837 3398 ΙΙ
877 3328 937 3387 olio
957 3328 1074 3404 alioque
1097 3331 1190 3395 Votsti
1198 3332 1263 3393 edic

165 3423 417 3485 lentennaco.
460 3424 580 3484 ultetius
593 3425 624 3485 R
669 3426 704 3484 ll
726 3434 788 3485 toto
802 3443 856 3483 om.
869 3424 969 3483 Haste
983 3421 1088 3491 Ponti
1133 3423 1171 3483 12
1191 3423 1265 3499 sint]

161 3528 232 3579 sunt
255 3517 316 3577 LP
335 3516 454 3581 orons
478 3537 531 3578 om.
550 3521 675 3583 Vastan.
705 3520 813 3581 Odoar.
841 3519 930 3579 Visst.
959 3516 1066 3581 sotto.
1093 3518 1185 3581 Voss
1198 3521 1262 3581 edit.

165 3615 199 3673 13
219 3613 318 3672 media
337 3611 366 3668 P
383 3608 398 3678 ΙΙ
418 3632 534 3674 rursum
557 3612 616 3677 ΘΙ)
679 3616 715 3675 15
734 3614 828 3688 retro]
848 3614 939 3675 etism
958 3622 1038 3683 retro
1058 3612 1116 3675 G·
1156 3616 1192 3675 16
1213 3624 1265 3673 ont

166 3738 197 3749 -
211 3707 350 3767 animalis
370 3725 422 3767 om.
436 3709 465 3767 B
485 3703 497 3775 ll
517 3709 714 3784 reprehendet
733 3710 832 3770 Hace.
900 3711 935 3769 17.
955 3708 1096 3770 destituet
1108 3711 1225 3769 marina
1237 3710 1267 3769 P

166 3788 257 3863 Veto
272 3803 340 3863 Vso.
352 3797 366 3866 ΙΙ
382 3802 419 3859 de
440 3803 570 3861 aestibus
590 3805 694 3862 oceani
713 3805 868 3878 opiniones
888 3821 978 3878 maro.
990 3804 1019 3860 A
1061 3821 1147 3861 conse
1168 3811 1264 3861 estus·

161 3898 249 3956 tionis
269 3900 370 3972 occsnj
390 3916 481 3973 morp.
493 3897 522 3955 L
