3138 4718
280 379 323 442 46
406 437 410 442 .
501 352 505 359 ’
662 368 674 447 ἴ
771 433 774 439 ,
1117 381 1395 447 uun-amr.

280 551 515 644 Tergestum,
555 559 679 623 cetera
717 551 871 625 Gallicis
904 554 1126 648 Jtalioisque
1164 557 1335 649 gentibus
1381 588 1392 629 1

281 666 451 758 cingitur.
508 663 692 737 Parthenii
723 676 760 739 et
788 664 991 740 Dasaretae
1022 670 1139 761 prima
1170 672 1251 742 cius
1283 678 1336 741 te·
1378 699 1393 742 1

280 787 388 869 nent,
432 779 625 874 sequentia
663 777 866 874 Taulantii,
911 778 1097 873 Entellae,
1136 779 1335 871 Phaeaces.
1379 815 1393 858 1

184 903 253 959 111
282 891 368 962 dein
393 897 480 963 sunt
505 912 599 985 quos
630 892 777 998 proprie
801 892 958 983 Jllyrios
985 906 1140 988 vocant,
1173 903 1251 967 tum
1277 895 1336 967 Pi·
1378 926 1394 969 4

280 1005 356 1076 raei
395 1014 432 1075 et
469 1001 616 1077 Liburni
654 1011 692 1076 et
723 1005 877 1077 Histria.
940 1006 1085 1078 urbium
1122 1009 1238 1101 prima
1277 1016 1337 1081 est
1378 1041 1392 1086 1

280 1117 451 1210 Oricum,
492 1118 655 1190 secunda
685 1115 948 1212 Dyrrachium,
987 1119 1211 1214 Epidamnos
1250 1128 1334 1193 ante
1378 1153 1392 1196 1

280 1239 375 1323 erat,
415 1229 569 1303 Romani
609 1252 742 1304 nornen
783 1240 994 1323 mutavere,
1031 1235 1118 1329 quia
1155 1236 1259 1306 velut
1296 1237 1336 1306 in
1376 1264 1390 1307 1

219 1360 253 1414 57
283 1343 453 1417 damnum
486 1345 594 1416 ituris
628 1365 735 1417 ornan
768 1345 805 1418 id
838 1348 961 1419 visum
992 1354 1061 1418 est
1123 1345 1217 1418 ultra
1249 1355 1335 1420 sunt
1377 1376 1391 1418 1

276 1456 492 1552 Apollonia,
531 1459 696 1552 Salonio,
729 1457 860 1551 Jader,
900 1458 1065 1555 Narona,
1103 1460 1332 1553 Tracurium,
1376 1488 1390 1533 1

278 1572 382 1643 sinus
414 1569 603 1643 Polaticus
634 1580 672 1642 et
703 1569 812 1662 Pola,
848 1572 1031 1667 quondam
1064 1595 1086 1643 a
1111 1570 1260 1645 Colchis
1294 1582 1335 1646 ut
1360 1600 1391 1643 11

277 1685 401 1757 ferunt
425 1683 603 1777 habitata,
639 1686 677 1756 ln
703 1694 877 1778 quantum
910 1708 969 1757 res
995 1686 1201 1758 transeunt!
1234 1710 1333 1760 nunc
1359 1714 1388 1758 11

277 1797 440 1871 Romana
472 1798 630 1869 colonia.
687 1820 813 1871 amnes
846 1808 969 1871 autem
999 1799 1095 1870 Aeas
1127 1806 1165 1871 et
1189 1799 1265 1871 Nar
1295 1809 1333 1872 et
1357 1828 1389 1872 11

276 1908 467 1983 Danubius
506 1912 571 2004 qui
591 1912 680 1995 ,iam
719 1911 839 1983 dictus
871 1919 929 1983 est
958 1910 1101 1983 Hister:
1138 1913 1205 1985 sed
1235 1912 1330 1984 Aeas
1349 1942 1388 1986 ra

238 2074 239 2077 ¹
278 2023 479 2096 secundum
510 2023 764 2116 Apolloniam,
796 2022 871 2094 Nar
900 2026 995 2097 inter
1027 2024 1178 2098 Piraeos
1209 2035 1246 2096 et
1272 2024 1388 2096 111-11

277 2135 435 2228 burnos,
473 2158 538 2230 per
567 2135 717 2207 Histros
749 2135 877 2207 Hister
908 2140 1097 2210 emittitur.
1153 2136 1330 2229 Tergeste
1356 2169 1388 2214 11

276 2250 406 2320 intimo
431 2250 470 2320 in
496 2251 580 2322 sinu
604 2249 766 2321 Hadriae
792 2252 903 2321 situm
928 2250 1007 2322 linit
1030 2250 1238 2340 Jllyricum.
1356 2283 1387 2328 16
1540 2331 1544 2339 .

154 2444 155 2448 ,
215 2385 249 2440 58
349 2362 406 2436 De
431 2364 544 2436 Jtalia
575 2365 691 2457 magis
726 2366 812 2458 quia
843 2365 934 2436 ordo
966 2364 1079 2455 exigit
1109 2383 1220 2456 quam
1244 2365 1331 2458 quia
1357 2395 1387 2438 17

219 2571 223 2577 ὴ
275 2480 477 2551 monstrari.
498 2486 583 2572 eget
606 2498 726 2571 pauca
745 2479 938 2551 dicentur:
971 2483 1059 2547 nota
1084 2484 1171 2548 sunt
1195 2480 1328 2549 omnia.
1355 2509 1386 2553 18
1502 2533 1507 2540 ·

275 2592 320 2663 ab
345 2585 500 2684 Alpibus
532 2591 665 2684 incipit
696 2592 734 2661 in
763 2584 877 2662 altum
910 2588 1109 2680 excedere,
1148 2597 1258 2684 atque
1290 2600 1386 2663 11111

275 2704 445 2797 procedit
469 2724 511 2774 se
535 2702 655 2774 media
680 2710 861 2796 perpetuo
884 2703 972 2793 iugo
989 2702 1173 2794 Apennini
1192 2705 1328 2775 montis
1354 2733 1386 2778 11

274 2817 473 2908 adtollens,
506 2816 600 2887 inter
623 2814 874 2887 Hadriaticum
906 2823 943 2884 et
964 2812 1129 2908 ,Tuscum
1159 2815 1254 2905 sive,
1287 2822 1330 2886 ut
1353 2846 1384 2890 11

274 2930 381 3002 aliter
406 2928 534 3001 eadem
563 2930 809 3024 adpellantur,
842 2930 938 2999 inter
962 2927 1142 3020 Superum
1166 2948 1267 3000 mare
1292 2937 1329 3000 et
1353 2956 1385 3001 11

273 3043 441 3115 Jnferum
473 3045 636 3116 excurrit
666 3043 728 3113 diu
767 3040 900 3112 solida.
962 3060 1091 3111 verum
1123 3039 1186 3111 ubi
1217 3045 1328 3134 longe
1353 3069 1385 3116 11

274 3156 349 3228 abit
373 3157 412 3227 in
437 3155 510 3227 duo
536 3176 675 3230 cornua
698 3152 856 3243 finditur,
883 3141 1109 3246 respicitque
1135 3154 1330 3227 111111181-Ι
1353 3181 1385 3226 11

274 3272 396 3340 culum
429 3272 605 3363 pelagus,
645 3269 762 3336 altero
793 3265 957 3337 Jonium:
994 3274 1083 3367 tota·
1103 3275 1261 3359 angusta
1292 3278 1329 3339 et
1353 3295 1384 3342 11

212 3398 246 3453 59
273 3382 409 3456 alicubi
434 3383 549 3453 multo
575 3400 685 3473 quam
709 3378 806 3450 unde
832 3379 957 3472 coepit
983 3383 1186 3471 angustior.
1234 3382 1326 3452 inte·
1353 3407 1384 3452 11

272 3497 371 3569 11111
395 3498 476 3567 eius
502 3495 597 3564 aliae
621 3492 790 3585 aliaeque
815 3500 956 3586 genteS,
985 3495 1171 3564 sinistram
1187 3501 1328 3588 partem
1351 3519 1383 3563 11
1536 3524 1544 3535 „

274 3607 403 3699 Carni,
445 3616 482 3676 et
510 3603 643 3676 Veneti
675 3607 804 3676 colunt
834 3603 1011 3700 Togatam
1042 3605 1211 3678 Galliam:
1249 3614 1328 3677 tum
1351 3628 1383 3673 11

272 3722 397 3795 Jtalici
422 3719 551 3812 populi
575 3716 766 3809 Picentes,
800 3715 989 3810 Frentani,
1023 3716 1166 3811 Dauni,
1199 3719 1322 3810 Apuli,
1350 3739 1382 3784 11

274 3832 435 3926 Calabri,
458 3831 663 3903 Sallentini.
710 3831 756 3901 ad
782 3830 946 3902 dextram
973 3840 1058 3902 sunt
1084 3832 1154 3904 sub
1170 3831 1324 3922 Alpibus
1349 3849 1382 3894 11
1549 3794 1564 4471 l

1546 4612 1548 4645 1
