3134 4710
286 378 328 440 72
1187 384 1234 437 ΙΙΙ.
1246 385 1341 450 5,6-8
1353 383 1398 438 Ta.

287 552 333 622 ad
360 555 644 646 septentrionem
671 576 853 627 converso
880 557 1170 633 interAmardos
1198 568 1235 629 et
1250 557 1340 630 Pae·
1385 592 1396 634 1

188 680 259 737 343
288 667 386 736 sicas
414 688 457 736 os
483 668 611 758 aperit.
653 668 772 738 silvae
797 670 870 739 alia
895 690 1043 764 quoque
1069 671 1148 741 dira
1170 673 1341 742 animalia
1382 702 1396 745 2

286 800 414 849 verum
441 789 479 850 et
505 783 615 875 tigres
642 780 765 851 ferunt
790 784 916 875 utique
933 782 1158 876 Hyrcaniae,
1187 807 1339 856 saevum
1382 816 1397 860 a

285 893 444 991 ferarum
470 914 586 984 genus
614 902 651 965 et
677 916 794 989 usque
820 917 865 967 eo
891 898 1103 990 pernixque
1128 898 1202 971 illis
1228 900 1339 990 longe
1381 927 1408 971 4·

279 1020 434 1103 ‘quoque
460 1029 718 1100 praegressum
733 1010 902 1102 equitem
916 1013 1094 1104 consequi
1111 1033 1181 1082 nec
1198 1019 1338 1082 tantum
1381 1039 1395 1084 r

286 1123 399 1190 semel
427 1121 492 1192 sed
517 1122 740 1214 aliquotiens
774 1125 883 1193 etiam
914 1145 1025 1194 cursu
1051 1124 1148 1197 unde
1174 1127 1339 1218 coeperit
1382 1157 1396 1199 e

230 1280 233 1284 ⁴
285 1233 439 1305 subinde
464 1238 622 1329 repetito
656 1238 816 1308 solitum¹
839 1245 876 1308 et
892 1237 1010 1308 ¹facile
1036 1240 1094 1327 sit.
1153 1260 1266 1311 causa
1292 1261 1339 1310 ex
1382 1268 1396 1310 ⁷

285 1368 331 1417 eo
357 1356 434 1437 est,
467 1335 565 1440 quod
597 1349 658 1420 ubi
688 1352 750 1421 ille
771 1352 1005 1447 interceptos
1038 1372 1162 1422 earum
1195 1355 1338 1423 catulos
1381 1378 1396 1422 a

286 1463 382 1531 citus
410 1461 534 1554 coepit
560 1462 729 1554 avehere,
758 1470 795 1533 et
810 1462 948 1532 rabiem
968 1462 1339 1558 adpropinquantium
1381 1495 1395 1539 o

285 1582 369 1646 astu
399 1575 641 1647 frustraturus
676 1597 788 1648 unum
820 1574 866 1646 de
897 1575 1063 1669 pluribus
1089 1577 1236 1671 omisit⁷
1268 1579 1338 1650 hae
1365 1604 1395 1651 10

193 1680 196 1687 ’
284 1688 490 1779 proiectum
521 1690 711 1782 excipiunt
742 1689 779 1759 e‘t
809 1687 855 1758 ad
893 1688 1030 1760 cubilia
1061 1711 1129 1761 sua
1160 1690 1336 1780 referunt,
1364 1717 1394 1763 ιι

284 1821 504 1894 rursumque
521 1812 561 1874 et
575 1804 725 1894 saepius
741 1807 904 1872 remeant
921 1809 1031 1894 atque
1049 1802 1146 1873 idem
1159 1802 1336 1894 efficiunt,
1364 1827 1395 1876 12

285 1911 403 1984 donec
434 1913 480 1984 ad
511 1914 761 2007 frequentiora
791 1934 898 2008 quam
932 1913 1032 1985 adire
1063 1914 1222 1986 audeant
1240 1936 1336 2006 pro·
1360 1941 1395 1987 rs
1464 1907 1465 1910 '

283 2024 396 2118 fugus
422 2035 547 2119 raptor
571 2027 717 2098 evadat.
1364 2054 1396 2101 14

223 2144 259 2196 44
358 2136 461 2209 Ultra
478 2137 652 2233 Caspium
677 2142 797 2213 sinum
821 2140 994 2235 quidnam
1012 2123 1114 2211 esset
1131 2135 1336 2228 ambiguum
1363 2168 1395 2215 rs

285 2253 509 2346 aliquamdiu
534 2254 618 2346 fuit,
645 2255 789 2327 idemne
814 2275 976 2326 oceanus
1003 2275 1049 2324 an
1076 2254 1184 2323 tellus
1202 2250 1337 2323 infesta
1363 2281 1395 2327 rc

223 2374 258 2428 45
286 2364 485 2458 frigoribus
512 2367 592 2439 sine
619 2367 755 2438 ambitu
782 2389 825 2438 ac
850 2370 930 2439 sine
955 2366 1026 2437 fine
1050 2363 1226 2456 proiecta.
1270 2363 1337 2434 sed
1364 2392 1395 2439 ιτ

285 2485 431 2570 praeter
467 2479 648 2573 physicos
685 2480 977 2574 Homerumque,
1022 2479 1085 2569 qui
1123 2477 1337 2566 universum
1363 2508 1395 2553 ra

285 2588 410 2660 orbem
432 2595 524 2662 mari
547 2592 811 2665 circumfusum
829 2615 915 2665 esse
932 2592 1114 2681 dixerunt,
1143 2587 1336 2660 Cornelius
1364 2618 1394 2665 ra

284 2700 412 2795 Nepos
437 2714 478 2775 ut
493 2709 689 2799 recentior,
716 2708 934 2778 auctoritate
953 2704 1009 2773 sic
1027 2703 1178 2786 certior3
1203 2708 1337 2772 testem
1359 2729 1395 2775 ao

286 2825 408 2887 autem
426 2820 479 2890 rei
498 2819 674 2906 Quintum
691 2821 882 2892 Metellum
901 2815 1065 2887 Celerem
1083 2814 1210 2907 adicit,
1237 2834 1336 2885 eum·
1362 2843 1395 2890 21

288 2951 358 3022 que
384 2914 435 3002 ita
466 2935 654 3005 rettulisse
688 2938 963 3006 commemorat:
995 2950 1078 2999 cum
1104 2927 1245 3001 Galliae
1270 2948 1337 3019 pm
1362 2954 1395 3002 m

287 3048 442 3114 consule
465 3030 673 3137 praeesset7
706 3046 824 3117 Jndcs
851 3042 1031 3138 quosdam
1062 3065 1083 3115 a
1116 3062 1203 3133 rege
1228 3039 1337 3112 Boto·
1363 3067 1396 3114 aa

286 3179 366 3227 rum
393 3158 488 3231 dono
516 3161 586 3233 sibi
613 3162 735 3245 datos3
762 3159 859 3231 unde
885 3161 921 3228 in
948 3178 1013 3228 eas
1034 3164 1148 3228 terras
1168 3156 1338 3229 devenis-
1363 3180 1396 3227 24

287 3281 376 3368 sent
393 3276 625 3366 requirendo¹
640 3294 836 3364 cognosse,
864 3273 904 3343 vi
930 3278 1186 3364 tempestatum
1210 3292 1258 3342 ex
1273 3269 1338 3340 Jn·
1363 3293 1396 3340 as

286 3384 380 3456 dieis
399 3389 620 3481 aequoribus
639 3386 824 3479 abreptos9
852 3406 1098 3477 emensosque
1116 3406 1210 3477 quae
1228 3386 1337 3456 inter·
1364 3406 1403 3461 aa.

285 3509 400 3591 erant,
427 3501 572 3572 tandem
598 3501 635 3568 in
662 3498 881 3570 Germaniae
906 3499 1015 3570 litora
1041 3499 1177 3570 exisse.
1210 3503 1339 3583 ‚restat
1363 3519 1396 3569 ar

286 3634 372 3705 ergo
398 3617 566 3706 pelagus,
595 3612 661 3682 sed
687 3612 830 3706 reliqua
855 3613 981 3685 lateris
999 3613 1166 3683 eiusdem
1184 3613 1337 3684 assiduo
1364 3634 1396 3681 aa

286 3731 368 3816 gelu
396 3726 571 3812 durantur
596 3735 634 3794 et
660 3725 744 3796 ideo
770 3726 917 3797 deserta
942 3734 1038 3799 sunt.
1315 3800 1320 3807 ,
1364 3745 1396 3791 2⁹
