3138 4718
290 618 319 673 ,a
389 596 516 683 uarias
547 610 729 684 lectiones
760 610 949 703 excerpsit
971 607 1038 682 Th.
1061 609 1222 707 Pressel
1246 609 1398 701 (Rhein

342 756 344 761 ·
395 732 492 804 Mus.
516 754 554 804 n.
573 730 662 803 F.
638 731 662 775 ⁰
641 755 724 825 p
723 732 824 822 153)
857 741 898 804 et
917 735 1035 804 multo
1060 733 1243 806 maiorem
1260 740 1399 827 partem

304 858 311 883 ’·
332 906 354 941 ,ι
394 854 584 928 omisitet
545 855 646 926 ein
671 855 726 927 eis
754 874 847 950 quas
869 855 1023 949 protulit
1040 855 1260 948 saepissime
1275 855 1398 927 minus

260 1040 264 1047 .
392 976 603 1070 ¹diligentem
623 998 664 1048 se
681 976 877 1072 praestitit.
915 976 954 1048 in
970 974 1088 1070 prima
1104 974 1249 1051 codicis
1262 975 1400 1048 scheda

306 1158 309 1163 .
354 1156 359 1163 ,
392 1096 605 1173 adnotatum
631 1107 702 1192 est,
730 1119 815 1172 esse
840 1118 924 1170 cum
942 1097 1103 1192 Emptum
1128 1121 1174 1170 ec
1191 1096 1292 1171 libris
1311 1096 1398 1170 Ucr-

289 1244 297 1279 2
333 1274 338 1285 .
392 1220 519 1293 diaulia
532 1219 664 1310 Stricti,
681 1221 810 1317 procul
829 1219 941 1293 dubio
959 1217 1004 1292 ab
1017 1217 1396 1316 AscanioColumn10‚

283 1346 286 1401 ἶ
344 1402 348 1408 .
393 1364 469 1440 quo
499 1351 648 1416 mortuo
679 1351 823 1438 emptus
856 1342 901 1414 ab
933 1340 1185 1437 Jonnngelo
1211 1341 1398 1436 Altaemps

385 1464 536 1570 ‘tandem
563 1466 608 1537 ad
626 1463 779 1536 Paulum
796 1463 831 1534 V
856 1464 896 1537 P.
914 1461 967 1535 M.
993 1465 1163 1559 pervenit
1184 1485 1268 1536 cum
1283 1485 1398 1535 none·

282 1590 285 1595 ’
392 1591 492 1684 ginta
517 1592 652 1661 novem
679 1587 761 1659 aliis
779 1587 987 1682 codicibus,
1015 1606 1170 1681 quorum
1187 1586 1398 1681 apographa

329 1707 356 1813 ‘¹
386 1715 427 1784 >lu
458 1709 679 1782 bibliotheca
710 1708 1262 1804 Altaempsianarctinebantur
1300 1707 1397 1797 (Ma.

390 1833 505 1908 billon
522 1829 711 1903 musltal.
733 1831 748 1902 1
770 1855 807 1926 p.
815 1830 896 1922 76),
915 1838 953 1904 et
968 1832 1086 1904 multo
1105 1830 1398 1925 demumpostea

287 1976 291 1983 ¹
338 2008 342 2015 .
367 1954 429 2026 εἰη
454 1951 711 2027 bibliothecam
730 1951 1011 2026 Ottobonianam
1038 1950 1173 2047 delata,
1199 1952 1343 2027 tandem
1361 1959 1398 2023 et

391 2078 475 2171 ipsa
506 2077 542 2149 in
562 2075 780 2151 Vaticanum
819 2075 1077 2149 bibliothecam
1108 2080 1265 2170 recepta
1299 2079 1395 2147 sunt.

271 2182 273 2186 Α
346 2278 350 2286 ,
390 2196 669 2291 (Blurneitt
579 2197 717 2273 tt.Jal
743 2198 888 2294 3p.68
907 2200 1042 2296 seqq..)
1097 2216 1147 2271 ex
1175 2196 1305 2271 horum
1329 2217 1396 2270 nu·

389 2328 577 2397 mercast
727 2341 729 2349 ’

439 2443 536 2518 cod.
576 2441 915 2517 ottobonianus
955 2441 1087 2537 1549,
1128 2444 1286 2518 ineunte
1317 2462 1396 2515 sae-

282 2622 285 2629 .
391 2569 477 2641 culo
508 2586 597 2645 xv11
625 2567 666 2638 in
697 2565 833 2638 chartis
867 2565 1037 2657 oblongis
1067 2585 1088 2635 e
1120 2562 1301 2636 Vaticano
1332 2564 1397 2636 illo

278 2726 282 2729 ·
318 2732 324 2747 .
392 2688 523 2763 codice
549 2687 775 2782 descriptus,
802 2672 942 2762 omisso
966 2692 1107 2759 tantum
1128 2684 1333 2777 fragmento
1351 2683 1397 2756 de

278 2831 284 2871 ῑ
391 2808 595 2884 litteratura
620 2804 824 2904 Pelasgica.
882 2808 988 2884 initio
1011 2808 1110 2881 euim
1137 2806 1279 2881 codicis
1304 2805 1397 2878 haec

278 2976 281 2981 ι
391 2932 563 3025 leguntur
594 2931 638 3004 ab
658 2935 778 3006 altera
803 2929 970 3004 eiusdem
998 2930 1175 3024 temporis
1199 2949 1309 3001 manu
1335 2926 1397 3000 ad·

292 3090 299 3113 ·-
392 3057 531 3150 scripta
572 3054 661 3128 Vaut
699 3079 744 3128 ec
782 3052 958 3126 codicibus
995 3059 1128 3124 centum
1166 3051 1398 3123 bibliothecae

389 3179 642 3274 allempet’cuce
663 3201 688 3249 a
707 3176 821 3248 Paulo
841 3177 965 3266 Quinto
990 3198 1091 3247 mauu
1116 3177 1218 3268 reple
1243 3175 1397 3268 exceptis

389 3321 479 3377 nuuc
502 3323 587 3373 uero
609 3324 638 3371 c
654 3298 789 3372 Jocuae
805 3298 940 3392 Aaqetc
965 3298 1010 3369 ab
1027 3298 1184 3392 Alterapa
1200 3297 1299 3367 Duce
1310 3317 1396 3389 pro-

385 3426 479 3516 priis
504 3423 694 3516 sumptibus
718 3421 919 3513 fidelissime
944 3444 990 3492 cc
1011 3419 1242 3514 eripientibus
1265 3421 1396 3490 desum-

282 3552 286 3559 '
385 3547 460 3641 plia
484 3551 522 3614 ct
545 3542 756 3616 bibliotheca
780 3544 1011 3637 cltcmpaicnc
1035 3544 1154 3638 quoad
1169 3544 1285 3640 poluit
1301 3548 1397 3613 lacto

391 3667 578 3761 eplcmlcre
603 3670 672 3738 inm
697 3667 867 3744 dumata
881 3688 950 3738 noa
966 3673 1119 3756 corceat.
1144 3688 1239 3762 quae
1256 3662 1396 3737 eisdem

392 3788 519 3864 verbis
545 3789 583 3862 in
607 3787 679 3863 fine
703 3789 850 3867 codicis
875 3789 1031 3888 repetita
1055 3797 1176 3879 suutj
