3134 4710
289 389 331 450 74
1182 393 1228 447 Ill.
1248 394 1274 460 6,
1285 396 1343 448 4-6
1357 394 1402 449 Tr.

192 577 260 634 349
362 560 547 635 Britannia
573 566 692 656 qualis
717 566 767 636 sit
785 567 988 659 qualesque
1014 560 1232 660 progeneret
1256 591 1344 641 mcx
1388 594 1400 637 1
1565 620 1566 669 ,

289 678 445 748 certiora
459 686 495 747 et
507 678 624 768 magis
639 680 829 770 explorata
844 679 1024 750 dicentur.
1053 683 1189 774 quippe
1204 683 1342 753 tamdiu
1386 706 1400 750 2
1554 676 1566 801 p

289 790 453 859 clausam
478 790 596 883 aperit
621 811 711 861 eece
736 792 942 884 principum
968 795 1172 890 maximuS,
1192 817 1262 865 nec
1288 796 1341 865 in·
1384 820 1398 864 s
1565 840 1566 851 2

289 902 506 973 domitarum
531 903 641 973 modo
659 911 744 974 ante
763 926 951 975 severum
969 907 1176 997 ignotarum
1194 929 1342 1001 quoque
1384 932 1399 974 4
1564 854 1566 945 d

288 1016 451 1105 gentium
473 998 610 1107 uictor,
646 1017 873 1109 propriarum
899 1039 1021 1089 rerum
1045 1019 1152 1091 fidem
1178 1027 1219 1089 ut
1243 1019 1340 1090 bello
1384 1043 1398 1088 a
1563 950 1566 1085 d

225 1149 260 1204 50
287 1125 487 1217 affectavit,
513 1128 565 1198 ita
590 1128 774 1221 triumpho
792 1129 1043 1202 declaraturus
1061 1139 1193 1224 portat„
1241 1138 1339 1203 cete·
1384 1158 1398 1201 s
1564 1118 1566 1231 Ι

286 1264 366 1311 rum
392 1249 432 1312 ut
457 1241 575 1314 adhuc
600 1241 793 1313 habuimus
817 1244 913 1314 inter
938 1245 1224 1337 septentrionem
1241 1246 1339 1316 occi·
1384 1271 1397 1315 ⁷
1564 1234 1566 1275 r

286 1356 503 1449 dentemque
521 1357 688 1449 proiecta
704 1356 831 1449 grandi
853 1360 989 1448 angulo
1008 1356 1122 1428 Rheni
1142 1359 1239 1429 ostia
1256 1380 1339 1451 pro·
1382 1386 1397 1430 a

286 1469 411 1560 spicit,
446 1467 530 1540 dein
555 1468 704 1563 obliqua
729 1477 828 1540 retro
853 1471 970 1539 latera
999 1469 1190 1562 abstrahit,
1223 1473 1338 1542 altero
1382 1495 1396 1540 e
1452 1504 1458 1509 ¹

285 1581 440 1652 Galliam
471 1583 597 1666 altero,
614 1581 845 1652 Germaniam
877 1568 1069 1674 spectans,
1103 1590 1179 1654 tum
1210 1606 1337 1654 rursus
1365 1607 1396 1652 ιο

284 1701 463 1787 perpetuo
502 1697 663 1787 margine
702 1694 832 1764 directi
870 1694 989 1766 litoris
1022 1695 1066 1766 ab
1098 1704 1243 1788 tergore
1277 1696 1338 1768 ab·
1364 1722 1394 1767 11
1487 1716 1490 1723 ’

168 1818 171 1821 ’
245 1791 248 1796 ’
283 1805 395 1878 ducta
426 1808 560 1878 iterum
593 1828 634 1877 se
652 1808 704 1876 rin
736 1806 906 1876 diversos
933 1810 1089 1899 angulos
1116 1817 1249 1879 cuneat
1274 1810 1337 1879 tri·
1364 1835 1395 1881 12

285 1920 413 2013 quetra
438 1928 475 1990 et
500 1920 650 1991 Siciliae
675 1920 834 1990 maxime
861 1921 1006 2010 similis,
1041 1922 1164 2013 plana,
1191 1924 1335 2013 ingenS,
1363 1950 1394 1996 1a

282 2033 460 2125 fecunda,
494 2054 622 2102 verum
654 2033 699 2102 iis
733 2053 827 2125 quae
858 2054 1001 2125 pecora
1027 2055 1136 2131 quam
1167 2036 1334 2106 homines
1362 2063 1394 2108 14

220 2166 253 2220 51
283 2145 478 2239 benignius
504 2147 614 2243 alant.
657 2145 729 2216 fert
754 2166 904 2216 nemora
930 2147 1134 2241 saltusque,
1161 2168 1206 2216 ac
1231 2169 1335 2239 prae·
1362 2172 1392 2221 u
1506 2151 1509 2167 ‘
1565 2134 1566 2179 ³

283 2260 434 2352 grandia
458 2258 621 2342 flumina,
648 2258 799 2330 alternis
820 2258 980 2331 mutibus
997 2260 1108 2332 modo
1125 2261 1164 2329 in
1180 2260 1334 2351 pelagus
1361 2285 1393 2331 rr

281 2372 392 2444 modo
417 2379 516 2443 retro
542 2371 692 2443 fluentia
717 2380 753 2442 et
780 2371 957 2465 quaedam
982 2394 1143 2465 gemmas
1162 2375 1334 2465 margari·
1361 2397 1392 2444 rr

282 2494 412 2578 tasque
438 2485 661 2575 generantia.
717 2484 790 2555 fert
821 2484 981 2578 pupulos
1010 2496 1191 2579 regesque
1216 2508 1333 2579 popu·
1360 2512 1392 2559 re

281 2596 414 2669 lcr'um:
447 2596 513 2667 sed
539 2604 626 2667 sunt
656 2596 785 2668 inculti
810 2618 952 2688 omnes,
985 2604 1096 2690 atque
1123 2603 1163 2666 ut
1187 2598 1332 2688 longius
1359 2625 1391 2672 rr

281 2732 303 2779 a
329 2709 530 2781 continenti
549 2707 682 2780 absunt
698 2710 749 2782 ita
766 2711 884 2803 magis
903 2710 1056 2779 aliarum
1072 2730 1183 2801 opum
1200 2711 1331 2800 ignaria
1358 2737 1390 2783 20

282 2831 422 2894 tantum
448 2844 583 2915 pecore
610 2845 654 2895 ac
679 2824 812 2896 finibus
845 2823 959 2913 dites,
992 2824 1171 2894 incertum
1197 2821 1244 2894 ob
1270 2823 1331 2895 de·
1358 2851 1390 2897 ar

220 2962 253 3016 52
281 2958 404 3008 eorem
430 2958 476 3007 an
495 2937 582 3031 quid
600 2939 700 3008 aliud
717 2940 815 3010 vitro
836 2957 991 3030 corpora
1008 2936 1147 3007 infecti.
1197 2958 1331 3009 causas
1357 2963 1390 3010 aa

281 3058 401 3120 tamen
418 3050 597 3122 bellorum
615 3056 652 3122 et
667 3051 763 3122 bella
781 3049 999 3121 contrahunt
1011 3070 1055 3119 ac
1069 3070 1110 3119 se
1122 3049 1332 3144 frequenter
1356 3072 1390 3123 ar·
1433 3094 1443 3113 ,-

280 3165 438 3235 invicem
452 3162 639 3257 infestant,
659 3165 816 3234 maxime
834 3162 1053 3254 inperitandi
1067 3163 1240 3263 cupidine
1255 3172 1330 3234 stu·
1356 3190 1389 3235 ar

280 3277 414 3373 diuque
432 3298 476 3348 ea
492 3276 700 3371 prolatandi
718 3296 811 3368 quae
824 3274 1029 3367 possident.
1069 3275 1242 3347 dimicant
1257 3299 1331 3349 non
1356 3305 1388 3352 aa

280 3392 442 3482 equitatu
467 3391 577 3461 modo
604 3396 667 3459 aut
690 3385 827 3479 pedite,
854 3408 984 3460 verum
1010 3395 1048 3458 et
1071 3387 1167 3480 bigis
1194 3396 1232 3460 et
1248 3411 1330 3461 cur·
1355 3418 1388 3464 rr

279 3501 379 3574 ribus
399 3505 529 3596 gallice
547 3500 688 3571 armati:
714 3501 896 3572 euvinnos
914 3510 1065 3573 vocant:
1090 3523 1245 3596 quorum
1261 3503 1331 3574 fal·
1355 3530 1387 3575 nr

279 3620 371 3689 catis
398 3616 528 3688 axibus
556 3618 716 3683 utuntur.
986 3684 988 3688 ,
1355 3641 1387 3688 ac

216 3751 250 3804 53
352 3733 468 3823 Super
485 3722 706 3796 Britanniam
718 3725 884 3797 Juverna
900 3734 959 3799 est
976 3738 1093 3820 paene
1110 3750 1176 3822 par
1193 3732 1326 3822 spatio,
1354 3753 1387 3800 aa

279 3843 345 3916 sed
371 3841 552 3930 utrimque
571 3841 715 3932 aequali
736 3847 854 3910 tractu
872 3841 1020 3912 litorum
1039 3839 1208 3933 oblonga:
1234 3842 1328 3915 caeli
1354 3865 1386 3910 aa

1565 1490 1566 1535 l

1564 1646 1566 1707 l
