3134 4710
8 462 10 535 i

159 400 206 455 111.
226 399 253 465 8,
264 399 280 451 t
289 399 344 452 -10
354 397 400 451 Tr.
1232 393 1272 457 81

148 602 151 608 ’
180 605 192 647 1
220 594 314 668 quae
340 571 611 657 introeuntibus
644 570 773 640 dextra
802 577 862 639 est
892 568 1001 640 urbes
1028 575 1114 639 suut
1138 568 1274 639 Charra

178 714 193 758 2
220 694 257 759 et
281 684 414 756 Arabia
439 690 477 755 et
496 683 684 755 Gadanus:
710 684 748 752 in
774 684 888 755 altera
913 681 957 750 ab
983 681 1112 752 intimo
1138 684 1273 775 angulo
1352 764 1354 769 ¹

179 827 194 872 a
219 803 336 894 prima
351 797 529 870 Berenice
554 797 649 867 inter
665 794 981 888 Heroopoliticum
1006 803 1043 865 et
1061 793 1273 867 Strobilum:

178 937 195 982 4
220 913 352 984 deiude
381 914 473 983 inter
503 910 753 1005 promunturia
778 907 1028 979 Maenorenon
1060 918 1098 980 et
1124 907 1274 981 Collaca

179 1050 193 1094 r
219 1026 441 1119 Philcpteris
467 1033 505 1097 et
529 1024 718 1095 Piomalis:
744 1025 840 1093 ultra
863 1023 1022 1095 Arsinoe
1048 1030 1085 1093 et
1110 1025 1183 1095 alia
1206 1021 1273 1095 Be·
1308 1086 1310 1091 .

179 1165 194 1209 r
218 1142 359 1212 renice:
376 1147 453 1210 tum
471 1141 568 1210 silva
581 1159 675 1231 quae
692 1135 872 1208 hebenum
885 1136 1093 1231 odoresque
1107 1148 1270 1229 generat,

179 1275 193 1318 r
220 1260 257 1325 et
280 1272 389 1325 manu
420 1253 543 1325 factus
575 1253 713 1341 amnia,
746 1250 906 1344 ideoque
931 1250 1148 1324 referendus
1174 1253 1273 1346 quod

178 1384 267 1439 aex
299 1365 374 1437 Nili
407 1368 515 1439 alveo
549 1364 705 1457 dioryge
742 1363 937 1436 adductus.
1000 1368 1104 1434 extra
1136 1366 1270 1453 sinum,
1300 1381 1368 1439 881

178 1502 194 1546 e
219 1500 348 1551 verum
380 1481 418 1550 in
449 1480 547 1551 flexu
579 1487 700 1549 tamen
732 1478 842 1548 etiam
873 1496 947 1549 nou
979 1477 1126 1549 modico
1160 1477 1272 1549 Rubri

162 1620 194 1666 ro
220 1594 331 1663 maris
370 1614 455 1685 pars
492 1592 623 1663 bestiis
662 1590 797 1662 infesta
831 1589 990 1684 ideoque
1022 1589 1167 1663 deserta
1200 1602 1270 1682 est,

163 1733 193 1777 11
219 1713 356 1798 partem
383 1703 543 1775 Panchai
568 1702 750 1795 habitant,
785 1703 823 1772 hi
856 1724 949 1796 quos
976 1724 1023 1774 ex
1053 1703 1153 1774 facto
1187 1706 1274 1798 quia

163 1848 194 1896 rr
220 1817 451 1912 serpentibus
468 1824 672 1887 vescuntur
690 1814 954 1909 Ophiophagos
973 1825 1121 1889 vocant.
1168 1817 1273 1889 fuere

162 1963 194 2010 η
219 1932 373 2002 interius
398 1929 596 2022 Pygmaei,
628 1930 807 1999 minutum
841 1950 977 2020 genus,
1010 1937 1049 2000 et
1081 1931 1180 2024 quod
1205 1950 1273 2024 pro
1371 1952 1374 1956 ·
1445 1942 1447 1946 ‘

163 2075 194 2121 14
221 2046 311 2117 satis
349 2042 514 2136 frugibus
553 2050 681 2114 contra
720 2063 829 2134 grues
874 2042 1082 2124 dimicando
1124 2044 1271 2116 defecit.

162 2164 306 2233 nsunt
337 2158 453 2229 multa
481 2159 675 2228 volucrum
707 2159 823 2227 multa
861 2159 1086 2249 serpentium
1120 2172 1270 2248 generez
1297 2178 1332 2232 aa

162 2299 194 2346 rc
219 2270 264 2343 de
291 2269 524 2364 serpentibus
550 2270 776 2340 memorandi
801 2270 976 2361 maxime,
1013 2290 1107 2363 quos
1133 2291 1272 2363 parvos

162 2411 194 2457 rr
219 2383 414 2456 admodum
440 2390 478 2455 et
502 2384 637 2454 veneni
653 2384 860 2482 praesentis
886 2389 988 2455 certo
1005 2383 1089 2454 anni
1108 2391 1272 2476 ternpore

161 2521 194 2568 rr
219 2518 266 2569 ex
282 2499 371 2568 limo
389 2504 642 2569 concretarum
665 2496 839 2590 paludum
857 2514 1057 2592 emergere,
1084 2498 1123 2569 in
1138 2518 1273 2590 magno

161 2612 387 2684 nexamine
424 2613 595 2682 volantes
626 2607 838 2704 Aegyptum
876 2610 1046 2704 tendere,
1085 2620 1196 2706 atque
1233 2612 1271 2682 in

159 2748 193 2795 ro
218 2726 302 2818 ipso
328 2724 479 2795 introitu
505 2723 630 2794 finium
656 2723 700 2795 ab
725 2723 857 2796 avibus
884 2745 975 2817 quas
1002 2724 1121 2797 ibides
1146 2724 1271 2819 adpel-

159 2863 191 2908 rr
217 2840 296 2908 lant
321 2836 479 2909 adverso
505 2837 650 2930 agmine
675 2834 800 2932 excipi
825 2859 1022 2932 pugnaque
1041 2839 1173 2910 confici
1198 2847 1270 2910 tra-

47 2946 49 2949 ’
160 2974 193 3019 rr
219 2949 333 3023 ditum
367 2956 437 3023 est
506 2949 552 3022 de
589 2950 805 3021 volucribus
840 2953 1041 3044 praecipue
1077 2952 1270 3024 referenda
1297 2968 1332 3022 88

159 3084 192 3130 ra
218 3062 398 3158 Phoenix,
434 3085 579 3156 semper
611 3063 737 3149 unica3
776 3084 850 3134 non
881 3065 978 3135 enim
1011 3067 1112 3136 coitu
1144 3068 1269 3136 conci·

158 3196 192 3242 rr
215 3179 316 3272 pitur
346 3184 501 3269 partuve
535 3184 743 3269 generatur,
784 3174 850 3247 sed
887 3177 950 3246 ubi
987 3177 1267 3269 quingentorum

158 3310 191 3357 rs
216 3312 393 3365 annorum
419 3311 514 3362 aevo
539 3298 717 3384 perpetua
743 3290 902 3382 duravit,
935 3311 1047 3382 super
1072 3311 1269 3384 exaggera·

158 3425 191 3471 rc
216 3411 289 3475 tam
306 3405 422 3475 variis
448 3403 623 3475 odoribus
651 3412 788 3475 struem
815 3402 886 3474 sibi
911 3404 994 3498 ipsa
1019 3403 1169 3475 incubat
1194 3408 1268 3477 sol-

157 3535 189 3581 87
214 3518 402 3610 vitorque:
420 3515 505 3588 dein
522 3518 811 3610 putrescentium
828 3515 1070 3589 membrorum
1084 3517 1168 3589 tabe
1181 3538 1268 3589 con·
1297 3533 1332 3586 84
1369 3610 1374 3617 .

157 3647 190 3692 28
215 3651 388 3703 crescens
414 3631 498 3723 ipsa
522 3651 563 3702 se
589 3631 754 3723 concipit
778 3638 888 3723 atque
914 3652 962 3701 ex
987 3653 1029 3704 se
1054 3652 1183 3703 rursus
1209 3654 1269 3703 re·

156 3757 191 3804 29
213 3747 392 3817 nascitur:
418 3765 501 3816 cum
528 3745 704 3838 adolevit,
736 3764 826 3817 ossa
849 3746 995 3838 pristini
1021 3748 1187 3839 corporis
1213 3746 1266 3815 in-

156 3875 188 3922 30
215 3861 321 3931 elusa
345 3878 467 3929 murra
483 3857 694 3953 Aegyptum
719 3865 905 3952 exportat,
932 3866 969 3929 et
995 3859 1033 3928 in
1052 3859 1140 3928 urbe
1157 3879 1265 3953 quam

1054 3976 1067 4019 6
