3138 4718
266 367 309 431 20
1077 370 1097 426 I.
1120 373 1160 439 12,
1173 375 1190 427 3
1203 399 1236 411 -
1252 374 1293 439 13,
1306 375 1322 429 3
1336 375 1403 429 Ta*

266 545 362 614 ultra
378 543 450 614 tria
465 542 616 614 fuerunt
634 545 789 636 singulis
809 545 904 618 inter
922 566 964 616 se
981 547 1112 619 stadiis
1131 547 1320 636 distantia3
1364 579 1378 622 ⁴1

265 656 371 735 locus
397 677 445 727 ex
469 677 623 728 numero
639 654 798 749 Tripolis
822 657 971 729 dicitur:
998 665 1074 729 tum
1090 660 1238 752 Simyra
1261 684 1321 733 ca·
1364 689 1378 734 r

169 775 236 832 loa
264 772 413 841 stellum
437 773 475 839 et
501 768 587 840 urbs
612 772 687 839 nou
712 760 872 841 obscura
897 770 1099 843 Marathos.
1138 773 1223 846 inde
1248 777 1321 847 iam
1364 801 1387 845 a·

262 902 336 953 non
369 879 519 975 obliqua
555 882 690 974 pelago
727 881 796 951 sed
832 881 992 953 adversa
1023 883 1197 957 adiacens
1230 887 1321 958 Asia
1360 915 1378 958 4

262 992 435 1084 grandem
460 995 582 1065 sinum
607 994 745 1065 inflexo
770 1001 889 1066 tractu
916 995 1036 1066 litoris
1062 998 1210 1090 accipit.
1252 1020 1320 1090 po·
1363 1026 1377 1071 a

260 1108 337 1199 puli
370 1105 466 1177 dites
499 1106 779 1192 circumsident3
794 1184 797 1190 ,
813 1107 908 1177 situs
941 1107 1069 1179 efficit:
1100 1111 1187 1202 quia
1216 1111 1318 1203 regio
1361 1139 1375 1183 c

260 1217 393 1290 fertilis
432 1218 570 1290 crebris
603 1226 640 1290 et
671 1216 941 1311 navigabilibus
979 1221 1098 1293 alveis
1128 1222 1375 1295 fluminumr

260 1332 389 1425 pervia
414 1332 580 1407 diversas
612 1352 702 1424 opes
734 1334 845 1403 maris
877 1337 989 1427 atque
1014 1341 1191 1407 terrarum
1215 1336 1317 1407 facili
1359 1364 1375 1408 a

198 1459 232 1512 so
260 1446 481 1517 commercio
507 1450 689 1538 permutat
707 1467 761 1516 ac
782 1446 927 1515 miscet.
981 1448 1019 1519 in
1046 1469 1092 1518 eo
1118 1449 1234 1541 prima
1260 1455 1318 1519 est
1358 1476 1374 1520 o
1415 1461 1417 1464 ⁴
1535 1444 1538 1448 “

258 1559 402 1654 reliqua
426 1579 514 1651 pars
541 1558 673 1648 Syriae
700 1557 760 1630 cui
777 1557 995 1631 Antiochiae
1022 1581 1228 1653 cognomen
1252 1560 1316 1632 ad·
1342 1586 1374 1632 ro

259 1670 368 1764 ditru,
396 1678 434 1742 et
457 1672 495 1741 in
513 1692 578 1743 ora
595 1671 676 1742 eius
695 1670 803 1742 urbes
821 1670 1005 1766 Seleucia,
1032 1672 1220 1768 HypatoS,
1246 1671 1315 1744 Be*
1341 1699 1371 1743 11

258 1791 378 1876 rytos,
410 1781 605 1875 Laodicea,
638 1781 771 1877 Rosos
803 1804 1005 1877 amnesque
1036 1787 1100 1881 qui
1130 1790 1314 1859 intereas
1340 1812 1372 1857 12

258 1904 347 1965 eunt
375 1893 500 1985 Lycos
539 1903 577 1966 et
606 1894 781 1988 Hypatos
813 1903 851 1967 et
882 1895 1060 1969 Orontes:
1096 1906 1175 1971 tum
1205 1920 1312 1971 mons
1340 1923 1371 1969 ra
1438 1983 1442 1990 Ι

256 2005 419 2079 Amanus
446 2014 484 2079 et
507 2006 553 2079 ab
578 2030 625 2082 eo
651 2009 774 2080 statim
798 2006 1038 2099 Myriandros
1065 2018 1103 2081 et
1128 2011 1278 2083 Cilices.
1339 2040 1371 2085 14

195 2133 231 2186 ro
331 2118 380 2192 At
399 2121 439 2192 in
461 2142 613 2193 recessu
630 2123 758 2193 intimo
774 2123 882 2192 locus
901 2124 1098 2214 estmagni
1115 2123 1312 2219 aliquando
1339 2153 1370 2199 rs

257 2232 500 2325 discriminis,
530 2235 698 2307 susorum
729 2232 776 2304 ab
801 2232 1010 2306 Alexandro
1037 2233 1229 2308 Persarum
1254 2236 1311 2308 fu·
1338 2267 1370 2312 1c
1507 2227 1510 2233 ’

256 2347 466 2440 gientisque
489 2345 593 2419 Darii
618 2355 803 2441 spectator
827 2367 873 2418 ac
898 2346 1019 2439 testis,
1049 2371 1149 2422 nunc
1173 2372 1220 2421 ue
1244 2352 1312 2421 mi·
1338 2380 1370 2427 17

254 2459 354 2532 nima
378 2461 539 2556 quidem,
573 2469 661 2533 tunc
692 2461 831 2552 ingenti
862 2459 952 2532 urbe
978 2461 1145 2532 celebris.
1201 2463 1369 2539 Jssos1a

255 2572 337 2666 fuit,
365 2581 403 2645 et
426 2575 496 2645 hac
520 2594 561 2644 re
587 2574 691 2644 sinus
709 2570 858 2643 Jssicus
884 2572 1029 2645 dicitur.
1071 2577 1201 2665 procul
1226 2571 1368 2648 inde'ro

252 2683 476 2758 Hammodes
494 2685 786 2778 promunturium
800 2683 897 2753 inter
912 2683 1110 2774 Pyramum
1124 2683 1311 2776 Cydnum·
1335 2716 1367 2762 ro

253 2821 326 2892 que
350 2800 486 2871 fluvios
511 2798 620 2867 iacet
671 2794 851 2888 Pyramus
869 2793 959 2867 Jsso
975 2798 1125 2890 propior
1138 2796 1310 2870 Malosen
1335 2828 1366 2875 21

189 2926 223 2978 71
252 2911 488 3006 praeterfluit,
507 2906 661 2998 Cydnus
680 2910 776 2980 ultra
791 2930 857 3002 por
872 2906 1028 2982 Tarsum
1045 2910 1133 2981 exit.
1177 2909 1309 2984 deinde
1334 2940 1367 2987 aa

251 3023 337 3096 urbs
364 3029 422 3095 est
446 3022 590 3092 olima
615 3019 770 3092 Rhodiis
795 3021 1154 3117 Argivaque-post
1168 3025 1310 3116 piratis
1333 3053 1366 3099 aa

250 3135 426 3228 Pompeio
449 3135 665 3228 assignante
689 3155 882 3228 possessa,
909 3156 1009 3206 nunc
1033 3133 1307 3231 Pompeiopolis
1333 3165 1375 3211 rr

251 3257 340 3320 tuno
365 3249 491 3320 Soloe:
522 3250 629 3319 iuxta
659 3248 697 3319 in
729 3267 845 3340 parvo
878 3249 1020 3319 tumulo
1042 3246 1146 3320 Arati
1175 3257 1309 3344 poetae
1332 3281 1365 3326 aa

250 3370 525 3434 monumentum
542 3362 627 3434 ideo
644 3360 888 3453 referendum,
910 3363 998 3455 quia
1013 3364 1180 3455 ignotum
1197 3386 1308 3459 quam
1332 3396 1365 3443 os

252 3477 299 3547 ob
325 3496 476 3547 causam
501 3477 599 3548 iacta
625 3475 725 3547 inid
752 3496 844 3544 saxa
862 3473 1061 3546 dissiliunt.
1103 3498 1178 3551 non
1194 3480 1364 3572 longera

250 3589 337 3661 hinc
363 3587 531 3680 Corycos
561 3587 736 3680 oppidum
765 3593 875 3679 portu
907 3585 1061 3683 saloque
1091 3591 1303 3685 incingitur,
1330 3616 1364 3662 rs

190 3724 223 3775 m
252 3711 410 3795 angusto
428 3710 573 3794 tergore
591 3701 794 3771 continenti
811 3700 1007 3773 adnexum.
1022 3758 1025 3765 .
1041 3724 1153 3797 supra
1169 3726 1303 3798 specus
1329 3725 1363 3769 rs

251 3825 311 3889 est
335 3818 483 3888 nomine
510 3813 692 3905 Corycius
719 3814 897 3906 singulari
923 3816 1090 3909 ingenio,
1124 3838 1168 3887 ac
1193 3836 1303 3908 supra
1328 3835 1361 3879 ao
