3138 4718
164 420 185 472 1.
205 419 229 485 s,
245 412 362 485 1049,
376 418 392 471 3
406 419 451 472 rr.
1237 427 1276 491 15

184 622 196 667 1
225 597 345 690 capita
361 596 507 686 absunt,
533 597 660 667 vultus
677 596 714 666 in
731 602 880 689 pectore
898 606 967 669 est.
1009 599 1153 691 Satyris
1171 622 1275 693 prae-

183 732 198 778 2
224 716 280 779 ter
305 708 463 802 effigiem
487 706 575 778 nihil
600 707 758 779 humani.
806 706 1034 803 Aegipanum
1060 734 1153 806 quae
1179 715 1276 786 cele·

184 849 199 895 2
223 821 347 894 bratur
371 844 416 894 ea
440 821 560 892 forma
586 828 653 893 est.
705 821 800 893 haec
825 822 871 893 de
895 822 1032 895 Africa.
1250 890 1255 899 .

182 957 199 1004 4
295 936 407 1009 Asiae
429 938 545 1029 prima
570 955 657 1027 pars
681 933 874 1029 Aegyptus
899 937 993 1007 inter
1010 934 1274 1011 Catabathmon
1305 958 1372 1015 149

183 1057 261 1120 set
285 1049 441 1134 Arabas3
474 1046 519 1118 ab
550 1048 623 1119 hoc
655 1049 762 1120 litore
792 1053 939 1142 penitus
973 1052 1126 1124 inmissa
1156 1051 1276 1125 donec

182 1183 197 1228 e
223 1161 451 1255 Aethiopiam
478 1159 590 1232 dorso
620 1164 809 1255 contingat
840 1161 887 1232 ad
918 1163 1103 1236 meridiem
1129 1165 1273 1257 refugit.

183 1297 197 1341 r
223 1280 319 1345 terra
344 1295 478 1367 expers
511 1273 678 1346 imbrium
709 1277 800 1347 mire
825 1283 954 1346 tamen
985 1276 1117 1348 fertilis
1149 1285 1185 1347 et
1209 1278 1276 1348 ho-

181 1409 197 1454 s
222 1388 360 1478 minum
385 1388 613 1481 aliorumque
638 1389 848 1460 animalium
876 1388 1101 1481 perfecunda
1125 1410 1274 1483 genera-

182 1520 197 1565 2
221 1502 306 1571 trix.
348 1496 454 1572 Nilus
479 1499 606 1592 eflicit,
633 1501 792 1571 amnium
816 1502 853 1572 in
870 1499 1046 1573 Nostrum
1066 1524 1168 1574 mare
1191 1525 1272 1596 per-

165 1616 197 1679 10‘
221 1616 419 1684 meantium
436 1614 628 1684 maximus.
657 1614 717 1684 hic
734 1634 782 1683 ex
799 1611 955 1684 desertis
972 1610 1119 1685 Africae
1134 1616 1271 1686 missus
1299 1631 1334 1684 50

165 1746 291 1798 nnec
322 1728 445 1797 statim
473 1727 641 1817 navigari
670 1725 791 1796 facilis
823 1746 893 1796 nec
919 1727 1042 1798 statim
1067 1724 1174 1797 Nilus
1200 1735 1271 1820 est,

164 1862 196 1908 22
221 1846 259 1909 et
289 1858 373 1911 cum
403 1836 464 1910 diu
496 1839 653 1930 simplex
687 1857 899 1931 saevusque
931 1836 1139 1931 descendit,
1174 1842 1274 1913 cirea

165 1977 196 2024 ra
219 1948 374 2022 Meroen
398 1951 473 2022 late
498 1957 684 2042 petentem
707 1950 867 2021 insulam
890 1951 929 2022 in
948 1950 1178 2045 Aethiopiam
1203 1951 1271 2024 dif-

164 2088 196 2135 14
218 2061 396 2155 funditur,
423 2063 610 2159 alteraque
634 2068 738 2155 parte
763 2061 964 2134 Astabores
990 2065 1106 2135 altera
1129 2064 1273 2159 Astape

163 2201 195 2249 rs
221 2173 340 2246 dietus
366 2183 435 2246 est.
491 2174 554 2245 ubi
577 2196 705 2246 rursus
732 2177 808 2247 coit
831 2175 881 2247 ibi
904 2196 1036 2247 nomen
1061 2176 1133 2247 hoc
1158 2181 1269 2271 capit.

164 2316 195 2363 ιο
220 2285 305 2358 inde
336 2289 468 2381 partim
500 2307 610 2381 asper
640 2289 772 2381 partim
802 2289 950 2380 navigia
979 2290 1123 2382 patiens
1153 2290 1192 2361 in
1216 2292 1270 2361 in·
1297 2322 1331 2378 51

163 2428 195 2473 22
218 2420 362 2472 manem
387 2401 510 2473 lacum
541 2398 707 2494 devenit,
741 2422 789 2473 ex
821 2421 895 2495 quo
925 2401 1117 2494 praecipiti
1142 2402 1270 2494 inpetu

163 2536 194 2585 rs
218 2533 393 2606 egressus
432 2521 471 2586 et
498 2510 669 2584 Talemso
700 2516 853 2585 alteram
886 2514 1044 2586 insulam
1076 2516 1269 2607 amplexus

162 2653 194 2700 19
218 2646 337 2719 usque
368 2624 415 2696 ad
444 2623 722 2720 Elephantinem
753 2626 879 2698 urbem
910 2627 1130 2722 Aegyptiam
1164 2634 1270 2698 atrox

160 2764 195 2812 m
216 2738 338 2811 adhuc
362 2739 586 2832 fervensque
612 2739 782 2811 decurrit.
821 2748 898 2812 tum
923 2739 1068 2811 demum
1092 2739 1270 2833 placidior

159 2877 192 2925 22
217 2859 256 2923 et
281 2853 352 2925 iam
376 2849 469 2924 bene
492 2852 712 2943 navigabilis
734 2853 890 2945 primum
907 2854 1011 2923 iuxta
1028 2851 1271 2925 Cercasorum

158 2988 193 3036 22
217 2963 391 3059 oppidum
416 2966 550 3059 triplex
575 2984 661 3036 esse
686 2946 838 3058 incipit'
866 2963 996 3035 deinde
1021 2961 1179 3036 *iterum
1203 2966 1281 3051 ite-¹

159 3101 192 3148 22
216 3096 370 3172 rumque
384 3076 529 3150 divisus
547 3076 594 3148 ad
606 3074 717 3149 Delta
734 3086 772 3150 et
788 3076 835 3148 ad
851 3074 982 3167 Melyn
1001 3079 1030 3148 it
1047 3097 1270 3170 peromnem
1290 3098 1294 3106 ·

158 3212 192 3260 24
216 3188 427 3284 Aegyptum
452 3210 572 3282 vagus
604 3195 715 3284 atque
746 3189 958 3284 dispersus,
992 3195 1207 3282 septemque
1232 3190 1270 3260 in

158 3325 191 3374 22
217 3325 283 3376 ora
307 3326 348 3376 se
374 3301 547 3376 scindens
574 3303 731 3395 singulis
757 3309 878 3373 tamen
903 3301 1050 3394 grandis
1068 3301 1268 3372 evolvitur.

157 3436 191 3484 re
215 3434 291 3488 non
315 3423 478 3511 pererrat
502 3421 624 3487 autem
647 3421 787 3486 tantum
805 3435 885 3486 eam
902 3414 969 3486 sed
985 3414 1130 3486 aestivo
1148 3412 1269 3484 sidere
1297 3439 1331 3493 52

157 3548 189 3595 22
215 3529 405 3600 exundans
430 3528 551 3601 etiam*
567 3527 706 3621 irrigat,
734 3524 827 3598 adeo
853 3519 1065 3599 efficacibus
1089 3527 1196 3620 aquis
1221 3525 1268 3596 ad

156 3664 189 3709 rs
216 3642 461 3733 generandum
478 3638 735 3734 alendumque,
757 3647 799 3710 ut
814 3646 960 3732 praeter
976 3639 1014 3710 id
1032 3638 1131 3732 quod
1148 3644 1268 3710 scatet

156 3774 189 3821 22
215 3753 396 3847 piscibus,
416 3752 516 3849 quod
527 3752 811 3848 hippopotamos
824 3751 1124 3845 crocodillosque
1137 3757 1265 3821 vastas

155 3885 189 3932 uo
215 3865 343 3939 belvas
360 3868 497 3960 gignit,
531 3865 669 3957 glaebis
701 3867 811 3938 etiam
836 3864 1006 3938 infundat
1030 3864 1183 3954 animas,
1217 3881 1265 3932 ex
