3138 4718
8 282 16 731 Ἢ

155 393 176 446 Ι.
195 393 237 458 19,
254 390 347 449 18η20
358 391 404 445 uz.
1228 389 1268 455 31

175 596 188 639 1
214 566 312 637 idem
338 585 483 657 semper
514 573 552 637 et
583 563 785 636 subsimilis
812 564 1062 657 inuitatusque
1088 565 1266 638 decurrat.

174 705 189 750 a
216 680 317 772 ripas
351 680 431 750 eius
463 677 699 749 Sauromatae
735 686 773 748 et
794 678 897 770 ‘ripis
927 678 1116 749 haerentia
1145 679 1269 772 possi·
1298 687 1383 745 1111

175 817 189 862 a
216 792 318 883 dent,
342 812 415 868 uno
440 810 531 885 gens
558 791 702 882 aliquot
725 790 853 885 populi
880 797 917 860 et
941 790 1084 883 aliquot
1108 792 1268 871 nomina.

174 931 189 972 4
214 902 321 996 primi
346 902 556 979 Maeotidae
581 900 999 992 Gynaecoeratumeuoe
1025 924 1138 995 regna
1162 902 1269 975 Ama·

175 1042 189 1087 1
216 1036 363 1107 zonum,
390 1013 573 1086 fecundos
599 1013 734 1108 pabulo
761 1019 799 1085 at
822 1014 896 1084 alia
914 1014 1059 1085 steriles
1075 1015 1270 1109 nudosque

175 1148 367 1219 aoampos
394 1134 530 1199 tenent.
587 1123 720 1199 Budlni
744 1124 930 1201 Gelonion
959 1127 1086 1199 urbem
1111 1129 1270 1220 ligneam

175 1240 389 1312 thabitam.
455 1241 561 1311 iuxta
597 1238 850 1332 'ibyssagetae
883 1238 1099 1335 Tureaeque
1134 1251 1269 1313 uastas

174 1379 190 1423 a
216 1355 333 1427 silvas
365 1361 551 1446 occupant
570 1355 802 1448 ,alunturque
833 1354 1015 1429 venando.
1071 1362 1148 1427 tum
1182 1376 1269 1427 oon·
1300 1372 1349 1425 nu

173 1467 329 1541 otiauis
360 1465 514 1559 rupibus
546 1467 620 1541 late
659 1487 792 1558 aspera
828 1473 866 1538 et
898 1467 1058 1541 deserta·
1079 1468 1187 1559 regio
1222 1468 1269 1541 ad

160 1601 191 1646 ιο
215 1579 465 1673 Aremphaeos
508 1600 628 1672 usque
669 1580 903 1672 permittitur.
972 1580 1032 1657 bis
1076 1581 1270 1657 iustissimi

160 1712 190 1759 u
216 1713 358 1785 moues,
385 1713 535 1769 nemora
559 1713 627 1786 pro
654 1691 847 1786 domibus,
874 1693 1046 1769 alimenta
1071 1691 1204 1786 baana,
1233 1701 1272 1767 et

160 1827 191 1872 m
217 1805 366 1883 faminis
391 1814 429 1877 et
453 1805 614 1881 maribus
647 1805 746 1881 nuda
778 1813 867 1879 sunt
888 1807 1024 1899 capita.
1081 1808 1178 1881 sauri
1202 1808 1269 1881 ita·

160 1941 191 1987 m
218 1939 290 2014 que
314 1918 512 2012 habentur,
546 1918 715 2013 adeoque
738 1921 843 2012 ipsos
869 1939 976 1993 nemo
1009 1917 1055 1995 de
1081 1931 1156 1997 tum
1179 1920 1269 1995 feris

161 2048 192 2093 14
217 2029 387 2125 gentibus
418 2033 554 2124 violat,
589 2040 631 2105 ut
661 2033 746 2105 aliis
779 2044 927 2126 quoque
959 2032 1006 2105 ad
1037 2053 1112 2107 eos¹
1139 2033 1271 2107 confu-

160 2163 197 2211 11-
218 2144 318 2236 gisae
343 2164 411 2237 pro
435 2145 544 2235 asylo
570 2143 632 2217 sit·
688 2147 783 2219 ultra
808 2144 927 2237 surgit
950 2164 1057 2219 mous
1083 2142 1268 2236 Riphaeus

163 2279 193 2324 n
217 2258 385 2350 ultraque
410 2260 494 2331 eum
519 2257 617 2328 iacet
641 2274 707 2330 ora
732 2279 826 2352 quae
851 2264 996 2349 spectat
1020 2278 1212 2333 oceanum.
