3138 4718
273 394 312 455 12
915 474 918 479 y
1148 410 1152 415 '
1178 388 1203 452 l.
1223 401 1249 464 i,
1262 400 1381 453 a-arz.

269 568 341 637 iam
369 569 516 662 quidem
551 568 681 639 iterum
714 574 908 664 opulenta,
944 573 1054 642 etiam
1080 592 1180 645 nunc
1204 583 1323 646 tamen
1369 607 1379 648 1

267 680 430 772 priorum
470 681 617 753 excidio
654 704 774 753 rerum
821 706 927 777 quam
966 707 1038 778 ope
1075 662 1322 779 praesentium
1365 715 1379 759 2

269 793 414 862 clarior.
452 792 730 886 Hadrumetum,
757 794 895 890 Leptis,
923 797 1075 891 Clupea,
1095 797 1229 891 Phyre,
1249 799 1321 869 Ha·
1365 828 1379 872 a

269 904 473 998 bromacte,
507 905 683 1000 Neapolis
716 907 801 980 hinc
834 909 880 978 ad
911 910 1050 1000 Syrtim
1082 913 1251 982 adiacent
1283 920 1323 981 ut
1364 939 1379 982 4

74 1028 78 1034 ’
176 1038 243 1096 135
271 1017 564 1109 interlignobilia
583 1021 852 1092 celeberrimae.
895 1022 1017 1112 Syrtis
1038 1025 1141 1094 sinus
1162 1032 1219 1094 est
1235 1045 1321 1095 oen·
1364 1050 1378 1094 s

137 1130 142 1141 ’
268 1137 345 1201 tum
370 1129 449 1202 fere
472 1122 574 1202 milia
599 1153 776 1225 passuum
803 1155 875 1226 qua
899 1156 998 1205 mare
1022 1136 1159 1229 accipit
1176 1119 1319 1228 patens,
1365 1166 1379 1209 a

268 1249 434 1315 trecenta
451 1266 524 1338 qua
541 1247 671 1341 cingit:
689 1267 817 1318 verum
834 1247 1074 1339 inportuosus
1091 1255 1201 1340 atque
1214 1255 1322 1318 atrox
1365 1277 1379 1320 r
1467 1312 1470 1319 .

267 1365 305 1429 et
322 1356 370 1427 ob
389 1357 566 1447 vadorum
583 1358 830 1454 frequentium
848 1361 987 1452 brevia,
1005 1362 1196 1453 magisque
1210 1361 1320 1431 etiam
1364 1388 1379 1432 s

268 1468 315 1539 ob
340 1473 503 1542 alternos
534 1479 657 1543 motus
682 1474 804 1566 pelagi
835 1471 1030 1545 adfluentis
1062 1495 1107 1544 ac
1132 1474 1320 1546 refluentis
1364 1505 1378 1548 s

206 1607 240 1660 35
267 1582 437 1655 infestus.
476 1606 588 1677 super
612 1585 710 1656 hune
735 1587 865 1676 ingens
888 1589 994 1679 palus
1010 1607 1154 1656 amnem
1171 1584 1322 1658 Tritona
1348 1613 1378 1657 ro

267 1697 412 1788 recipit,
431 1698 514 1788 ipsa
530 1695 711 1768 Tritonis:
737 1697 835 1770 unda
852 1705 889 1768 et
906 1697 1098 1770 Minervae
1116 1719 1320 1790 cognomen
1347 1723 1376 1767 ιι

267 1807 422 1881 inditum
455 1817 530 1899 est,
563 1817 605 1880 ut
635 1810 781 1880 incolae
812 1809 1050 1903 arbitrantur,
1085 1810 1134 1880 ibi
1161 1814 1318 1905 genitae:
1346 1836 1377 1882 ra

267 1921 482 2016 faciuntque
508 1922 543 1991 ei
568 1919 716 1994 fabulae
740 1924 898 2016 aliquam
923 1922 1050 2007 fidem,
1085 1924 1185 2018 quod
1212 1946 1318 2018 quem
1345 1947 1376 1993 ra

181 2022 185 2028 ⁹
267 2036 424 2107 natalem
443 2035 532 2126 eius
557 2043 688 2128 putant
711 2036 864 2107 ludicris
880 2037 1064 2129 virginum
1086 2038 1181 2108 inter
1198 2058 1238 2107 se
1256 2036 1317 2108 de·
1344 2059 1376 2105 14

205 2172 239 2225 37
268 2148 485 2217 certantium
516 2147 712 2219 celebrant
769 2150 864 2221 ultra
895 2156 953 2219 est
980 2148 1058 2220 Oea
1083 2148 1255 2240 oppidum
1273 2159 1318 2221 et
1344 2173 1375 2219 rs

267 2259 396 2350 Cinips
421 2259 559 2329 fluvius
591 2280 657 2353 per
688 2261 870 2333 uberrima
900 2283 990 2332 arva
1015 2259 1207 2351 decidens,
1239 2268 1316 2332 tum
1344 2285 1375 2330 rr

266 2370 391 2465 Leptis
418 2373 531 2443 altera
561 2380 599 2444 et
622 2373 744 2463 Syrtis
769 2375 918 2449 nomine
943 2381 1053 2467 atque
1079 2374 1228 2465 iugenio
1252 2396 1318 2467 par
1344 2397 1374 2443 rr

266 2486 399 2579 priori,
440 2491 602 2556 ceterum
634 2487 750 2558 altero
788 2488 867 2560 fare
900 2488 1021 2581 spatio
1054 2506 1139 2577 qua,
1158 2486 1318 2558 dehiscit
1343 2512 1374 2558 rr

267 2619 413 2690 quaque
437 2597 572 2668 flexum
597 2592 673 2691 agii
697 2602 863 2693 amplior.
918 2601 999 2671 eius
1024 2600 1316 2690 promunturium
1343 2624 1373 2669 ιν

267 2717 326 2780 est
350 2708 505 2799 Borion,
538 2711 583 2783 ab
609 2733 728 2806 eoque
753 2713 933 2804 incipiens
960 2731 1045 2800 ora,
1073 2731 1181 2802 quam
1206 2708 1314 2779 Loto·
1341 2733 1373 2779 ao

266 2821 375 2915 phagi
402 2824 567 2894 tenuisse
593 2825 782 2917 dicuntur,
818 2844 937 2917 usque
963 2822 1009 2892 ad
1033 2820 1245 2915 Phyconta,
1277 2830 1315 2892 et
1340 2847 1371 2893 21
1406 2828 1410 2835 '

265 2935 303 3005 id
328 2937 618 3026 promunturium
650 2947 725 3029 est,
757 2938 976 3028 inportuosa
1006 2936 1121 3004 litore
1145 2934 1313 3026 pertinet.
1339 2958 1372 3007 aa

204 3065 238 3118 aa
264 3046 360 3117 Arae
385 3049 490 3141 ipsae
515 3072 648 3121 nomen
674 3071 721 3120 ex
746 3046 930 3119 Philaenis
955 3046 1128 3118 fratribus
1154 3056 1326 3138 traxere,
1340 3070 1372 3128 aa

265 3162 328 3254 qui
348 3169 481 3232 ,contra
506 3163 734 3254 Cyrenaicos
765 3161 871 3231 missi
898 3159 1117 3252 Carthagine
1149 3159 1195 3231 ad
1227 3161 1314 3232 diri·
1339 3183 1372 3230 24

263 3273 433 3346 mendum
460 3277 672 3348 conditione
697 3274 832 3343 bellum
862 3272 923 3344 diu
950 3274 1021 3342 iam
1048 3273 1094 3344 dc
1119 3272 1250 3344 linibus
1276 3283 1314 3345 et
1338 3295 1371 3343 ra

264 3409 347 3458 cum
372 3392 513 3481 magnis
540 3386 726 3458 amborum
750 3385 916 3457 cladibus
934 3393 1090 3478 gestum,
1117 3394 1312 3481 postquam
1338 3409 1371 3456 as

263 3500 301 3570 in
332 3523 378 3573 eo
411 3501 510 3594 quod
543 3506 767 3570 convenerat
802 3520 877 3571 non
907 3497 1138 3592 manebatur,
1178 3509 1219 3571 ut
1250 3500 1312 3571 ubi
1337 3521 1370 3567 rr

261 3615 374 3706 legati
406 3619 683 3703 concurrerent,
717 3620 820 3685 certo
851 3621 1016 3705 tempore
1050 3614 1232 3706 utrimque
1258 3612 1311 3699 di·
1336 3634 1369 3680 rr

261 3727 387 3814 missi,
421 3724 471 3792 ibi
497 3725 641 3795 termini
669 3732 935 3817 statuerentur,
967 3728 1067 3818 pacti
1097 3728 1144 3800 de
1170 3729 1311 3821 integro
1336 3744 1367 3790 aa

262 3848 302 3909 ut
319 3836 494 3930 quidquid
512 3838 605 3909 citra
622 3844 722 3910 esset
738 3839 976 3932 popularibus
995 3840 1156 3927 cederet,
1179 3838 1311 3907 mirum
1335 3855 1368 3900 m
