3138 4718
234 406 241 417 0
306 369 349 432 30
1169 374 1188 426 1.
1211 375 1251 457 rc,
1265 374 1358 429 14-18
1372 374 1418 428 ri.

305 542 677 636 assimilatorem,
712 543 943 635 Menanolee,
973 543 1195 639 Temesaea,
1222 547 1359 623 Sexso-
1405 578 1416 619 1

305 656 413 746 licae,
439 655 587 750 Comari,
623 654 923 751 cleptyrophagi,
959 657 1180 750 Haenioenq
1206 658 1359 752 Achaei,
1403 687 1417 731 2

305 766 500 859 Cercetiei,
531 777 569 843 et
592 771 667 843 iam
690 770 728 840 in
754 770 914 843 confinio
935 769 1137 845 Maeotidis
1163 772 1359 845 Sindones.
1403 801 1417 844 s

191 891 274 948 1111
303 882 341 953 in
365 880 665 955 Haenioehorum
691 880 824 976 finibus
850 880 1069 957 Dioscorias
1094 906 1117 955 a
1142 882 1297 957 Castore
1320 891 1360 959 et
1401 914 1418 958 4

303 991 456 1067 Polluce
481 991 638 1064 Pontum
663 1015 748 1065 cum
771 992 914 1067 Jasone
938 996 1133 1088 ingressis,
1160 994 1295 1068 Sindos
1321 997 1360 1069 in
1402 1023 1416 1068 s

302 1107 506 1181 Sindonum
537 1104 582 1177 ab
620 1108 715 1200 ipsis
752 1115 948 1181 terrarum.
968 1107 1173 1182 cultoribus
1211 1108 1361 1181 condita
1401 1139 1417 1182 e

225 1230 275 1282 112
304 1227 371 1295 cst.
422 1219 574 1314 obliqua
598 1227 687 1295 tunc
707 1222 819 1313 regio
852 1230 889 1292 et
920 1222 1100 1293 inlatum
1124 1222 1271 1294 modice
1295 1244 1359 1315 pa·
1402 1249 1416 1292 r

193 1322 202 1328 ’
303 1339 385 1407 tens
423 1335 519 1407 inter
557 1330 714 1405 Pontum
750 1330 1014 1427 Paludemque¹
1041 1332 1089 1405 ad
1125 1332 1359 1427 Bosphorum
1399 1360 1416 1404 s

302 1448 479 1519 excurrit:
505 1464 614 1539 quam
640 1442 786 1516 duobus
811 1445 930 1517 alveis
956 1448 994 1517 in
1009 1449 1132 1519 lacum
1150 1456 1187 1518 et
1205 1448 1242 1518 in
1258 1468 1360 1519 mare
1401 1472 1416 1516 s

302 1559 489 1651 profluens
509 1556 723 1631 Coracanda
748 1574 865 1649 paene
890 1559 1051 1633 insulam
1075 1558 1209 1635 reddit.
1255 1568 1416 1652 quat-10

302 1679 387 1743 tuor
412 1671 522 1742 urbes
548 1669 598 1743 ihi
624 1676 709 1741 sunt
733 1668 1008 1764 Hermonassa,
1041 1670 1211 1765 Cephoe,
1243 1671 1358 1745 Pana·
1384 1692 1417 1737 11

223 1796 274 1850 ua
304 1785 451 1875 chorea,
479 1791 516 1855 et
540 1783 579 1857 in
604 1785 689 1876 ipso
708 1805 774 1855 ore
791 1780 1037 1859 Cimmerium.
1079 1786 1150 1858 hac
1165 1787 1357 1878 ingressos
1384 1807 1417 1855 12

302 1898 409 1973 lacus
440 1897 579 1988 accipit
607 1898 718 1988 longe
748 1897 895 1994 lateque
926 1896 1100 1971 diffusus:
1138 1919 1211 1990 qua
1241 1906 1356 1970 terras
1376 1901 1416 1967 ‘rs

302 2009 420 2102 tangit
445 2009 601 2081 incurvo
628 2010 877 2081 circumdatus
903 2011 1027 2102 litore,
1061 2033 1135 2107 qua
1155 2012 1248 2083 mari
1272 2032 1357 2102 pro·
1385 2037 1416 2082 14

200 2200 207 2212 ‚
302 2122 386 2215 pior
401 2129 473 2213 est,
491 2123 564 2195 nisi
581 2120 644 2194 ubi
662 2123 837 2216 aperitur,
857 2125 962 2217 quasi
978 2122 1142 2214 margine
1159 2121 1357 2216 obductus,
1384 2153 1415 2199 is

302 2237 399 2315 eitra,
418 2237 707 2329 magnitudinem
731 2258 848 2330 prope
873 2235 991 2313 Ponto
1018 2237 1163 2309 similis.
1384 2264 1414 2309 re

223 2361 275 2414 114
376 2347 489 2421 Oram
520 2370 615 2443 quae
647 2371 670 2419 a
694 2346 889 2442 Bosphoro
913 2348 960 2419 ad
984 2346 1124 2423 Tanain
1149 2370 1271 2443 usque
1295 2348 1357 2421 de·
1383 2377 1414 2422 17

156 2460 158 2463 ’
299 2461 461 2552 flectitur
478 2461 656 2533 Maeotici
674 2461 853 2552 incolunt,
879 2458 1074 2554 Thesteia,
1099 2459 1247 2555 Eraehi‚
1273 2460 1357 2532 Phi·
1383 2492 1414 2538 rs

301 2598 407 2650 coras
438 2582 476 2649 et
508 2577 608 2647 ostio
631 2574 794 2647 fluminis
826 2576 987 2668 proximi
1011 2573 1202 2649 Xamatae.
1258 2574 1356 2666 apud
1382 2602 1413 2648 n

300 2711 368 2761 eos
406 2687 555 2763 easdem
592 2692 691 2759 artes
729 2686 888 2763 feminae
926 2708 1016 2783 quas
1058 2689 1130 2761 viri
1168 2691 1354 2776 exercent
1380 2714 1413 2761 eo

300 2799 393 2870 adeo
419 2806 461 2870 ut
485 2819 532 2872 ne
562 2800 694 2871 militie
726 2798 873 2894 quidem
897 2809 1046 2873 vacent.
1101 2800 1173 2873 viri
1198 2797 1354 2891 pedibus
1379 2828 1412 2874 ει

298 2917 441 2985 merent
466 2912 690 3006 sagittisque
707 2912 930 3008 depugnant,
957 2916 1043 2987 illae
1061 2918 1232 3005 equestre
1248 2930 1355 3004 proe-
1380 2940 1413 2988 22

298 3024 390 3097 lium
414 3025 543 3099 ineunt
566 3046 638 3100 nec
661 3024 761 3098 ferro
787 3026 973 3119 dimicant,
1003 3025 1068 3099 sed
1092 3045 1196 3117 quos
1211 3027 1356 3123 laqueis
1380 3055 1413 3103 is

298 3137 529 3230 intercepere
566 3136 743 3213 trahendo
778 3140 989 3213 conficiunt
1049 3137 1191 3211 nubunt
1223 3148 1355 3230 tantem
1380 3170 1414 3216 er

298 3268 427 3325 verum
452 3259 494 3322 ut
518 3251 663 3325 nubiles
688 3250 891 3327 habeantur
914 3270 989 3323 non
1014 3251 1052 3321 in
1078 3258 1199 3325 aetate
1221 3252 1356 3329 modus
1380 3280 1426 3328 aa

298 3371 375 3449 est3
401 3364 473 3434 nisi
499 3386 595 3457 quae
613 3363 758 3437 hostem
777 3366 995 3436 interemere
1012 3364 1177 3456 virgines
1194 3375 1356 3441 manent.
1380 3392 1413 3438 re

221 3491 272 3546 115
299 3476 381 3569 ipsc
398 3473 534 3548 Tanais
558 3497 606 3549 ex
622 3474 787 3571 Riphaeo
811 3481 937 3547 monte
955 3474 1121 3548 deiectus
1139 3475 1237 3551 adeo
1251 3501 1356 3571 prae·
1379 3503 1412 3549 nr
1470 3550 1476 3563 ,

299 3611 393 3683 ceps
424 3592 518 3683 ruit,
554 3595 594 3661 ut
623 3609 707 3659 cum
739 3589 864 3660 vicina
887 3588 1058 3682 flumina,
1091 3597 1169 3665 tum
1192 3589 1353 3665 Maeotis
1379 3615 1412 3661 es

300 3712 340 3774 et
367 3700 583 3797 Bosphorus
621 3708 699 3773 urm
734 3698 844 3773 Ponti
881 3702 1006 3796 alique
1042 3701 1196 3779 buunali
1232 3703 1355 3795 rigore
1378 3725 1412 3771 aa

301 3816 494 3908 durentur,
535 3811 640 3887 sol'us
672 3820 800 3887 aestus
830 3813 1063 3910 hiememque
1094 3819 1199 3891 iuxta
1227 3815 1412 3909 ferensm

1561 176 1563 297 l
