3138 4718
310 411 331 472 4
1231 413 1252 465 Ι.
1273 410 1424 477 l‚l-5Tz.

311 584 532 677 demergitur
569 584 744 657 occidens
785 586 846 657 vel
879 606 1058 678 occasus,
1100 608 1173 679 qua
1205 586 1366 659 decurrit
1410 615 1422 659 ι

232 709 282 765 14
309 698 495 788 meridieS,
523 697 569 769 ab
587 681 1100 792 adversaparte'septentrio.
1139 699 1226 771 huic
1243 701 1364 791 medio
1408 728 1422 772 2
1487 784 1489 790 ¹
1558 779 1562 807 ⁴

309 821 405 884 terra
437 811 605 883 sublimis
637 813 795 903 cingitur
829 813 992 907 undiquc
1017 814 1124 903 mari,
1160 813 1365 908 eodemque
1408 844 1422 889 a

308 927 346 995 in
360 923 433 995 duo
447 926 561 995 latera
574 946 669 1018 quac
680 924 950 1017 hemisphaeria
966 927 1154 996 nominant
1167 925 1211 997 ab
1226 924 1365 997 oriente
1407 959 1423 1003 4

309 1037 430 1108 divisa
446 1037 494 1107 ad
513 1059 687 1110 oceasum
706 1040 812 1109 zonis
831 1039 992 1131 quinque
1011 1039 1259 1130 distinguitur.
1290 1060 1364 1109 me·
1407 1069 1421 1115 s

309 1150 405 1221 diam
431 1157 556 1223 aestus
583 1151 747 1243 infestat,
782 1150 900 1243 frigus
927 1150 1087 1222 ultimas:
1112 1153 1276 1245 reliquae
1301 1151 1364 1222 ha·
1407 1180 1422 1223 c

308 1262 478 1335 bitabiles
512 1264 614 1358 paria
646 1270 759 1356 agunt
790 1264 874 1334 anni
911 1269 1093 1356 tempora,
1129 1283 1258 1334 verum
1291 1284 1365 1334 non
1408 1293 1422 1336 r
1531 1296 1562 1321 υ

307 1378 454 1472 pariter.
512 1376 767 1448 antichthones
794 1375 957 1468 alteram,
989 1397 1058 1446 nos
1085 1377 1236 1447 alteram
1263 1378 1364 1471 inco·
1407 1407 1422 1450 s

307 1490 430 1563 limus.
464 1490 565 1562 illius
586 1491 679 1559 situs
699 1486 745 1559 ob
763 1488 930 1558 ardorem
949 1489 1211 1562 intercedentis
1233 1490 1364 1581 plagae
1407 1521 1421 1565 s

264 1623 280 1677 5
307 1603 533 1697 incognitus,
559 1601 668 1673 huius
686 1600 866 1673 dicendus
888 1610 958 1674 est,
1000 1601 1092 1674 haec
1113 1621 1201 1693 ergo
1218 1600 1263 1672 ab
1282 1610 1369 1701 ortu·
1391 1629 1421 1674 ιο

307 1723 478 1810 porrecta
502 1715 549 1786 ad
575 1734 764 1806 occasum,
796 1720 835 1784 et
860 1715 946 1808 quia
973 1715 1029 1786 sic
1054 1715 1152 1786 iacet
1177 1715 1364 1808 aliquanto
1391 1743 1420 1788 ιι

308 1850 417 1925 quam
450 1830 511 1900 ubi
544 1828 726 1899 latissima
765 1835 824 1898 est
854 1828 1019 1922 longior,
1055 1828 1363 1900 ambitur-omnis
1390 1857 1421 1904 ra

308 1962 467 2032 oceane,
502 1947 748 2033 quattuorque
775 1958 823 2010 ex
852 1960 898 2010 ec
928 1941 1042 2011 maria
1068 1941 1217 2033 recipit3
1250 1960 1362 2011 unum
1389 1970 1420 2017 ra

307 2055 610 2148 aseptentriono,
638 2053 829 2125 ameridie
850 2052 937 2146 du0,
965 2064 1131 2149 quartum
1149 2053 1194 2124 ab
1212 2073 1361 2124 occasu.
1389 2077 1421 2123 14

264 2183 279 2234 s
309 2168 400 2246 suis,
415 2169 512 2239 locis
538 2167 601 2238 illa
627 2167 843 2239 referentur.
887 2167 960 2238 hoo
985 2169 1141 2262 primum
1167 2172 1361 2256 angustum
1389 2186 1420 2234 rs

307 2302 378 2362 nec
402 2281 560 2374 amplius
588 2279 717 2353 decem
733 2279 882 2353 milibus
902 2303 1079 2375 passuum
1097 2287 1227 2372 patens
1245 2285 1361 2349 terras
1390 2301 1420 2346 rs

307 2395 424 2488 aperit
454 2403 564 2488 atque
590 2397 711 2467 intrat.
768 2400 844 2465 tum
876 2396 986 2486 longe
1016 2395 1162 2485 lateque
1188 2391 1362 2465 diffusum
1389 2414 1420 2459 17

306 2509 421 2599 abigit
446 2514 552 2579 vaste
578 2507 747 2579 cedentia
768 2509 888 2598 litora,
914 2507 1119 2598 iisdemque
1141 2528 1189 2577 ex
1213 2506 1362 2577 diverso
1389 2525 1421 2571 18

306 2642 423 2715 prope
449 2620 669 2693 cotuntibus
696 2621 790 2692 adeo
822 2623 860 2692 in
884 2628 1002 2691 artum
1029 2621 1150 2712 agitur
1175 2628 1216 2690 ut
1240 2621 1361 2689 minus
1389 2635 1420 2681 19

305 2734 604 2829 millepaseibus
632 2744 765 2830 pateat.
807 2734 892 2804 inde
919 2755 960 2804 se
985 2754 1115 2804 rursus
1134 2731 1200 2804 sed
1217 2731 1362 2803 modice
1387 2747 1420 2794 2⁰

306 2847 504 2919 admodum
528 2849 642 2938 laxat,
669 2864 871 2940 rursusque
896 2847 1006 2918 etiam
1033 2865 1141 2938 quam
1158 2843 1230 2915 fuit
1246 2844 1361 2916 artius
1387 2861 1419 2909 rr

305 2962 384 3032 exit
408 2961 445 3032 in
472 2964 643 3054 spatium.
694 2982 767 3054 quo
794 2980 879 3031 cum
903 2966 962 3031 cst
992 2965 1198 3051 acceptum,
1232 2958 1362 3050 ingens
1387 2976 1420 3023 rr

306 3064 438 3147 iterum
470 3061 515 3145 ct¹
530 3058 665 3168 magno
697 3095 738 3144 se
764 3071 930 3144 extendit
954 3058 1113 3161 ambitu,
1147 3077 1185 3143 et
1209 3091 1362 3162 magnae
1387 3091 1420 3139 ra

306 3188 432 3282 paludi
457 3197 621 3260 ceterum
647 3185 782 3277 exiguo
809 3205 874 3255 ore
901 3184 1147 3275 coniungitur.
1191 3181 1229 3252 id
1253 3204 1362 3255 omne
1387 3205 1421 3253 rr

306 3322 379 3394 qua
392 3303 497 3373 venit
509 3320 654 3395 quaque
668 3296 892 3390 dispergitur
905 3316 979 3368 uno
993 3292 1362 3369 vocabulo‘Nostrum
1388 3318 1420 3367 rr

262 3439 277 3491 γ
305 3434 405 3484 mare
424 3413 569 3484 dicitur.
599 3409 790 3500 angustias
808 3409 1071 3502 introitumque
1090 3409 1275 3480 venientis
1292 3429 1361 3479 nos
1387 3431 1420 3478 rs

288 3523 455 3614 fretum,
481 3522 615 3597 Graeci
639 3520 836 3612 porthmon
861 3524 1056 3614 appellant.
1100 3542 1173 3615 qua
1189 3519 1361 3593 diffundi·
1387 3544 1419 3591 rr

219 3693 221 3699 .
306 3646 366 3710 tur
391 3637 464 3708 alia
489 3635 573 3705 aliis
599 3635 695 3705 locis
723 3636 943 3726 cognomina
968 3643 1150 3729 acceptat.
1178 3634 1263 3714 ,ubi
1288 3633 1361 3726 pri·
1387 3658 1420 3705 ro

305 3770 405 3823 mum
427 3769 469 3820 se
492 3754 587 3820 artat
603 3745 869 3841 Hellespontus
886 3756 1056 3841 vocatur,
1082 3746 1278 3840 Propontis
1300 3745 1362 3816 ubi
1387 3772 1420 3819 aa

306 3859 495 3954 expandit,
523 3859 586 3933 ubi
611 3862 744 3932 iterum
769 3863 906 3954 pressit
930 3860 1107 3934 Thracius
1130 3858 1359 3951 Bosphorus,
1386 3886 1419 3932 ao
