3134 4710
283 413 324 476 78
1182 416 1228 473 111.
1242 418 1266 482 7,
1280 417 1338 473 5-8
1351 415 1397 470 Tz.

185 594 255 651 ³67
359 588 453 660 Ora-s
483 598 608 661 tenent
638 587 684 659 ab
708 586 806 661 Jndo
839 589 887 658 ad
912 589 1064 682 Gangen
1090 589 1284 684 Palibotri,
1318 614 1339 661 a
1383 617 1420 659 1.

283 700 409 793 Gange
435 703 480 772 ad
497 701 634 794 Jolida,
662 702 736 773 nisi
757 700 820 773 nbi
837 705 953 796 magis
973 726 1080 801 quam
1097 712 1139 775 ut
1155 703 1339 776 habitetur
1381 739 1396 781 θ

282 822 490 908 exaestuat,
514 824 615 887 atrae
633 824 761 908 gentes
779 823 817 886 θῖ
833 816 1106 909 quodammodo
1123 818 1337 911 Aethiopes.
1381 853 1396 897 3

242 997 245 1002 ,
282 927 327 998 ab
353 925 477 999 Jolide
502 928 549 999 ad
575 926 718 999 Cudum
744 938 846 1000 recta
872 936 958 999 sunt
982 931 1112 1021 litora,
1148 930 1338 1024 timidique
1381 966 1396 1009 4

282 1041 410 1134 populi
436 1047 474 1112 θῖ
498 1041 648 1112 marinis
675 1039 808 1134 opibus
834 1041 984 1112 adfatim
1010 1042 1119 1115 dites.
1381 1079 1396 1125 5

220 1171 255 1225 ts
354 1152 489 1226 Tamus
521 1155 814 1247 promunturium
853 1161 929 1248 est,
970 1155 1069 1248 quod
1100 1154 1242 1226 Taurus
1275 1154 1338 1225 ad·
1381 1194 1395 1238 6

282 1268 398 1356 tollit,
439 1264 556 1338 Collis
588 1267 738 1338 alterius
777 1269 891 1359 partis
929 1268 1087 1358 angulus
1120 1268 1338 1360 initiumque
1381 1309 1395 1353 ⁷

280 1381 407 1451 lateris
425 1379 471 1449 ad
490 1380 681 1451 meridiem
699 1380 811 1469 versi,
839 1376 985 1470 Ganges
1004 1387 1041 1449 et
1056 1379 1178 1450 Jndus
1196 1400 1346 1451 amnes·
1380 1423 1395 1466 8

281 1494 344 1564 ille
369 1494 495 1564 multis
520 1492 684 1563 fontibus
711 1493 749 1560 in
774 1489 916 1561 Haemo
941 1489 1074 1563 Jndiae
1098 1500 1223 1563 monte
1249 1513 1336 1563 con·
1380 1532 1395 1576 9

281 1616 432 1699 ceptus,
473 1608 581 1676 simui
613 1626 725 1676 unum
764 1605 912 1675 alveum
947 1604 1058 1697 fecit,
1097 1606 1137 1676 fit
1175 1607 1395 1691 omnium10

279 1721 463 1791 maximus
490 1728 527 1789 et
552 1717 688 1789 alicubi
717 1718 842 1808 latius,
875 1715 1046 1810 *quando
1076 1720 1393 1810 angustissime11

280 1833 361 1905 fluit
386 1834 515 1903 decem
539 1832 639 1901 milia
662 1851 841 1924 passuum
866 1838 1010 1925 putem,
1037 1833 1076 1902 in
1102 1840 1244 1926 septem
1271 1852 1335 1902 ora
1363 1872 1395 1918 12

1552 772 1562 839 ⁴,

220 1962 254 2015 69
282 1946 514 2039 dispergitur.
565 1941 683 2015 Jndus
706 1965 754 2015 ex
771 1952 896 2016 monte
914 1944 1168 2039 Caroparnaso
1185 1953 1336 2017 exortus
1362 1982 1394 2029 13

282 2068 319 2131 et
351 2059 423 2128 alia
456 2055 603 2153 quidem
634 2057 784 2127 flumina
817 2057 992 2151 admittit,
1031 2056 1098 2129 sed
1130 2060 1395 2139 clarissimatu

282 2169 422 2262 Copen,
449 2168 663 2262 Agasinnm,
690 2168 906 2261 Hydaspen,
939 2178 1231 2264 conceptamque
1256 2171 1336 2264 plu·
1363 2203 1394 2250 15

279 2283 382 2355 ribus
409 2282 527 2353 alveis
556 2281 687 2351 undam
712 2284 787 2353 lato
808 2283 929 2374 spatio
952 2284 1074 2354 trahit.
1116 2284 1336 2377 hincpaene
1363 2315 1394 2361 ιε

281 2395 435 2488 Gangen
473 2393 724 2487 magnitudine
756 2404 949 2489 exaequat.
1013 2405 1101 2489 post
1132 2395 1194 2468 ubi
1226 2418 1394 2490 saepen

281 2512 422 2603 aliquot
446 2509 589 2602 magnis
614 2508 771 2580 flexibus
799 2510 915 2579 cinxit
940 2510 1067 2601 iugum
1093 2511 1236 2601 ingenS,
1268 2511 1336 2580 ite·
1363 2539 1394 2585 ra

280 2644 361 2694 rum
378 2629 502 2693 rectus
521 2619 738 2714 solidusque
761 2620 965 2711 descendit,
993 2621 1111 2692 donee
1130 2621 1176 2690 ad
1192 2623 1335 2691 laevam
1362 2650 1393 2695 ιθ

281 2735 520 2829 dextramque
547 2756 588 2807 sc
614 2733 793 2804 diducens
820 2732 963 2805 duobus
991 2733 1099 2803 ostiis
1124 2734 1234 2823 longe
1261 2733 1335 2803 dis·
1360 2764 1393 2810 20

219 2861 255 2914 ro
281 2847 443 2920 tentibus
471 2856 590 2919 exeat.
633 2847 680 2918 ad
704 2844 856 2916 Tamum
881 2847 1005 2916 insula
1029 2853 1088 2917 est
1105 2843 1262 2937 Chryse,
1289 2845 1335 2916 ad
1360 2878 1392 2924 21

279 2962 432 3055 Gangen
448 2962 608 3052 Argyre:
633 2958 748 3029 altera
773 2959 874 3029 aurei
900 2959 985 3051 soli,
1013 2959 1064 3028 ita
1087 2967 1235 3029 veteres
1261 2966 1334 3029 tra·
1360 2991 1393 3035 aa

281 3074 419 3166 didere,
455 3076 568 3143 altera
592 3070 768 3161 argentei,
802 3078 914 3164 atque
938 3078 980 3142 ut
1003 3070 1163 3141 maxime
1187 3070 1337 3143 videtur
1361 3099 1393 3147 ra

280 3196 343 3259 aut
375 3208 423 3256 ex
454 3206 493 3256 re
530 3203 664 3253 nomen
702 3192 767 3253 aut
804 3205 852 3254 ex
883 3183 1067 3255 vocabulo
1104 3182 1228 3255 fabula
1265 3193 1334 3257 θεῖ.
1360 3211 1394 3257 24

278 3297 492 3392 Taprobane
517 3303 582 3365 aut
607 3295 755 3387 grandis
782 3294 979 3367 admodum
996 3297 1119 3368 insula
1140 3305 1204 3369 aut
1220 3299 1335 3390 prima
1360 3323 1393 3370 as

279 3432 363 3504 pars
390 3407 488 3479 orbis
518 3408 670 3479 alterins
696 3404 934 3501 *Hipparcho
967 3408 1121 3503 dicitur,
1157 3410 1223 3480 sed
1249 3412 1336 3502 quia
1360 3434 1393 3480 ra

278 3521 473 3612 habitatur,
493 3541 562 3591 nec
580 3520 774 3615 quisquam
793 3522 930 3593 circum
949 3543 1029 3593 eam
1047 3520 1151 3595 *isse
1170 3522 1334 3617 traditur,
1361 3547 1393 3595 rr
1556 3498 1560 3721 1

219 3653 252 3704 71
280 3655 395 3728 prope
421 3654 551 3705 verum
577 3642 646 3705 est.
693 3642 821 3706 contra
836 3634 925 3705 Jndi
942 3638 1040 3708 ostia
1057 3637 1121 3707 illa
1138 3643 1224 3708 sont
1242 3657 1336 3730 quae
1361 3659 1394 3706 ra

280 3755 418 3821 vocant
443 3748 541 3819 Solis
568 3748 661 3819 adeo
687 3747 957 3841 inhabitabilia,
992 3757 1032 3820 ut
1060 3751 1250 3844 ingressos
1275 3750 1335 3820 vis
1360 3770 1393 3818 aa
1552 3758 1560 3887 p

281 3860 498 3935 circumfusi
525 3863 620 3933 aeris
646 3862 830 3934 exanimet
848 3863 1058 3955 confestim,
1086 3871 1124 3934 et
1140 3864 1235 3933 inter
1251 3862 1335 3954 ipsa
1360 3881 1392 3926 ao
1530 3908 1532 3911 -
