3134 4710
282 399 332 462 ·56
1152 421 1155 428 ·
1200 407 1233 460 Π.
1245 408 1342 473 t,4-7
1355 409 1401 463 Tu.
1478 473 1481 480 Ι

289 573 434 666 Sarnos,
460 577 498 646 in
524 575 631 649 Caria
657 576 770 668 Coos,
798 580 836 650 in
861 577 977 669 Lycia
993 578 1155 652 Rhodos.
1202 582 1240 655 in
1266 584 1340 655 illis
1386 613 1413 657 ι,

290 688 458 780 singulae
484 699 570 760 sunt
596 689 731 761 iisdem
757 691 967 764 nominibus
992 692 1115 786 urbes,
1150 697 1188 765 in
1212 692 1342 766 Rhodo
1385 720 1400 765 r

290 808 364 871 tres
391 801 574 895 quondam
597 811 702 875 erant
725 802 875 898 Lindos,
903 801 1084 899 Caminos,
1110 805 1239 879 Jlisos.
1384 835 1399 880 a

174 934 262 991 2102
364 914 470 1002 Quae
508 925 637 988 contra
669 915 780 989 Tauri
816 920 1110 1011 promunturium
1147 921 1341 1013 inportune
1383 946 1400 991 4

288 1027 547 1120 navigantibus
573 1029 744 1102 obiacent
763 1028 1000 1103 Chelidoniae
1016 1035 1260 1105 nominantur.
1302 1035 1341 1105 in
1383 1054 1398 1102 a

289 1141 372 1212 sinu
410 1161 520 1233 quem
550 1144 750 1215 maximum
780 1142 871 1241 Asia
900 1145 1058 1237 recepit⁴
1074 1128 1190 1238 prope
1219 1145 1342 1218 media
1369 1168 1398 1215 -s

289 1250 450 1347 CyproS,
477 1254 662 1327 adortum
682 1277 931 1349 occasumque
950 1278 992 1328 se
1008 1258 1211 1351 inmittens,
1237 1265 1340 1329 recto
1383 1280 1398 1324 r
1517 1338 1521 1343 μ

287 1367 377 1457 iugo
402 1367 498 1439 inter
524 1365 693 1441 Ciliciam
718 1369 922 1464 Syriasque
951 1371 1163 1462 porrigitur,
1195 1372 1338 1464 ingens,
1382 1394 1399 1439 s

287 1487 330 1550 ut
353 1499 449 1572 quae
477 1481 678 1574 aliquando
707 1503 842 1554 novem
872 1503 986 1573 regna
1017 1484 1156 1577 ceperit
1180 1491 1220 1554 et
1241 1503 1341 1555 nunc
1383 1506 1398 1551 r

287 1592 431 1686 aliquot
455 1592 566 1667 urbes
591 1594 698 1687 serat,
735 1611 888 1688 quarum
914 1596 1143 1667 clarissimae
1168 1593 1338 1688 Salamis,
1365 1617 1398 1664 ro
1440 1606 1445 1614 '

286 1701 434 1798 Paphos
460 1714 497 1777 et
520 1728 594 1800 quo
611 1710 767 1800 primum
784 1729 832 1779 ex
848 1705 1133 1780 mariVenerem
1151 1729 1340 1802 egressam
1365 1727 1396 1773 ιι
1460 1800 1463 1805 .

209 1837 260 1891 roa
287 1818 439 1892 accolae
463 1819 654 1891 adfirmant
677 1816 941 1912 Palaepaphos.
984 1817 1142 1892 Parabos
1169 1822 1207 1892 in
1223 1819 1339 1892 Phoe·
1365 1840 1397 1887 rr

285 1932 370 2003 nice
401 1940 460 2005 est
490 1954 607 2026 parva
638 1941 676 2003 et
706 1940 881 2026 quantum
912 1941 1015 2027 patet
1045 1942 1124 2005 tota
1148 1934 1336 2027 oppidum,
1364 1952 1397 2001 ra

285 2044 462 2138 frequens
487 2052 622 2137 tamen,
650 2046 737 2139 quia
762 2047 870 2116 etiam
896 2067 1008 2139 super
1029 2048 1149 2119 aliena
1167 2053 1264 2117 tecta
1280 2065 1338 2115 se·
1364 2068 1397 2114 14

286 2154 370 2228 dem
399 2177 538 2251 ponere
569 2157 669 2229 licet.
726 2178 842 2250 parva
872 2167 910 2229 et
935 2157 1108 2253 Canopos
1132 2156 1208 2229 Nili
1238 2158 1338 2228 ostio
1364 2184 1396 2231 u

286 2268 386 2362 quod
413 2265 638 2362 Canopicum
662 2278 801 2341 vocant
826 2270 936 2342 obvia
961 2279 1030 2344 est.
1086 2267 1247 2343 Menelai
1272 2290 1338 2363 gu·
1364 2292 1396 2339 rs

285 2381 458 2454 bernator
483 2379 656 2477 Canopus
680 2381 732 2454 ibi
763 2368 861 2455 forte
892 2385 1053 2456 moriens
1077 2404 1212 2456 nomen
1237 2385 1338 2455 insu·
1364 2403 1413 2450 rr

209 2514 260 2571 104
285 2496 364 2588 lae,
403 2494 468 2565 illa
497 2497 596 2568 ostio
628 2494 741 2567 dedit.
795 2495 936 2569 Pharos
967 2517 1065 2568 nunc
1093 2495 1339 2570 Alexandriae
1363 2513 1396 2561 rs

285 2615 399 2702 ponte
436 2609 691 2703 coniungitur,
730 2612 839 2703 olim,
878 2620 919 2681 ut
947 2607 1146 2682 Homerico
1177 2611 1395 2682 carminare

284 2721 470 2816 proditum
503 2731 579 2815 est,
619 2723 664 2795 ab
695 2725 835 2796 eisdem
866 2723 942 2794 oris
975 2744 1088 2796 cursu
1120 2723 1192 2795 diei
1222 2723 1395 2792 totiusne

286 2833 456 2926 abducta,
484 2840 522 2905 et
538 2836 570 2906 si
588 2836 639 2906 ita
655 2857 716 2908 res
733 2836 817 2928 fuit,
844 2835 963 2907 videri
980 2843 1105 2929 potest
1121 2840 1337 2906 consectan·
1361 2851 1394 2899 rr

285 2945 382 3017 tibus
408 2948 448 3017 in
471 2954 612 3019 tantum
635 2956 796 3021 mutatae
813 2969 947 3019 causas
964 2946 1088 3019 Nilum
1106 2944 1334 3039 praebuisse,
1360 2964 1395 3012 ss

285 3059 370 3131 dum
395 3061 523 3133 limum
549 3061 705 3134 subinde
736 3070 773 3133 et
802 3062 1000 3156 praecipue
1025 3082 1109 3132 cum
1134 3061 1338 3132 exundaret
1361 3078 1394 3127 aa

285 3175 386 3246 litori
416 3174 615 3246 adnectens
647 3180 758 3266 auget
788 3183 925 3265 terras,
960 3174 1194 3268 spatiumque
1225 3195 1336 3267 auge·
1361 3191 1394 3240 rr

208 3306 259 3360 105
288 3289 472 3361 scentiam
510 3290 547 3361 in
581 3289 706 3360 vicina
741 3286 838 3359 vada
874 3294 1078 3380 promovet.
1142 3288 1181 3359 in
1212 3287 1394 3358 African

285 3409 414 3473 contra
436 3403 613 3474 maiorem
637 3400 776 3491 Syrtim
800 3397 1004 3493 EuteletoS,
1031 3407 1159 3473 contra
1181 3400 1336 3474 minoris
1361 3415 1394 3463 2⁶

284 3516 536 3606 promunturia
560 3510 683 3582 Menis
709 3519 747 3582 et
764 3510 932 3606 Cercina,
961 3521 1089 3585 eontra
1106 3511 1336 3606 Carthaginis
1361 3526 1394 3573 2⁷

285 3628 405 3699 sinum
432 3623 612 3716 Chyarae,
644 3620 762 3716 'l'ylae
788 3633 825 3695 et
850 3624 1011 3717 Aegatae
1038 3625 1202 3698 Romana
1232 3626 1337 3701 clade
1361 3641 1395 3687 2⁸

284 3736 550 3813 memorabiles.
1361 3752 1393 3798 rs
