3134 4710
290 391 333 456 82
1108 397 1154 451 111.
1168 396 1345 463 8,10-9,3
1359 397 1404 451 Tr.

290 568 389 640 Solis
414 567 601 662 adpellant
632 568 869 662 flagrantibus
902 570 1150 653 archiobustis
1182 572 1346 645 inferens
1392 526 1426 644 ι’

289 682 526 754 memorando
556 681 687 753 funere
718 690 927 754 consecrat.
985 686 1106 777 ipsum
1133 694 1346 777 promuntu·
1389 711 1403 755 ι

289 795 383 866 rium
418 816 491 889 quo
525 794 563 866 id
587 815 687 867 mare
720 795 902 866 clauditur
933 817 956 866 a
981 795 1159 869 Ceraunis
1190 797 1345 870 saltibus
1389 825 1404 870 ι

289 909 432 979 invium
457 912 527 978 est.
798 944 802 950 ·
1388 938 1405 982 ι

191 1042 262 1100 ιιι
362 1019 563 1113 Aethiopes
582 1023 678 1091 ultra
701 1022 847 1107 sedent;
874 1021 1029 1095 Meroen
1047 1023 1182 1096 habent
1193 1034 1344 1114 terram,
1389 1048 1403 1096 ι

222 1207 226 1214 ,
290 1155 399 1229 quam
415 1132 523 1205 Nilus
550 1135 668 1227 primo
692 1134 829 1206 ambitu
853 1140 1047 1230 amplexus
1065 1139 1224 1211 insulam
1240 1139 1345 1209 facit:
1388 1162 1403 1207 a

289 1268 375 1342 pars
408 1249 495 1341 quia
526 1250 626 1319 vitae
658 1251 817 1343 spatium
834 1250 999 1323 'dimidio
1025 1252 1103 1324 fere
1135 1271 1344 1345 quam.nos
1388 1274 1401 1318 ι

289 1363 437 1454 longius
464 1369 578 1453 agunt
594 1361 789 1455 Macrobii,
817 1385 903 1457 pars
923 1366 1007 1459 quia
1026 1386 1073 1435 ex
1092 1365 1264 1457 Aegypto
1282 1362 1345 1433 ad·
1388 1386 1402 1430 ι

289 1496 425 1547 venere
451 1476 539 1547 dicti
555 1477 790 1549 Automoles:
816 1479 960 1571 pulchri
979 1478 1111 1570 forma⁷
1138 1479 1246 1572 aequi
1264 1499 1344 1549 cor·
1388 1499 1402 1544 ι

288 1591 406 1683 poris,
434 1611 636 1683 parumque
660 1592 828 1661 venerati
854 1612 958 1685 opes⁷
985 1593 1102 1662 veluti
1128 1594 1346 1685 optimarum
1372 1610 1403 1655 ιο

229 1725 263 1779 ss
290 1703 427 1775 alumni
453 1705 641 1773 virtutum.
684 1705 722 1773 iu
747 1704 823 1775 illis
849 1725 929 1775 mos
946 1713 1015 1775 'est
1032 1707 1094 1776 cui
1111 1706 1346 1799 potissimum
1371 1726 1401 1771 11

289 1823 442 1910 pareant
467 1815 592 1907 specie
617 1835 663 1885 ac
688 1816 828 1887 viribus
854 1818 989 1908 legere.
1040 1818 1137 1910 apud
1163 1818 1232 1890 hos
1260 1818 1344 1910 plus
1371 1839 1402 1883 ιι

290 1930 370 2000 auri
396 1950 504 2021 quam
530 1924 649 1998 *aeris
676 1936 749 1999 est:
781 1929 866 2000 ideo
899 1930 998 2022 quod
1032 1932 1154 2004 minus
1181 1937 1239 2002 est
1262 1951 1344 2023 pre·
1372 1953 1402 1998 ιι

290 2043 423 2112 tiosius
464 2046 628 2112 censent.
690 2063 774 2129 aere
813 2051 1056 2134 exornantur,
1097 2065 1186 2116 auro
1220 2044 1402 2114 vinolam

226 2175 260 2228 ar
290 2154 450 2227 sontium
466 2152 658 2225 fabricant.
702 2163 760 2226 est
776 2156 882 2227 locus
902 2157 1087 2251 adparatis
1109 2158 1228 2249 epulis
1247 2176 1342 2226 sem·
1371 2178 1402 2225 ιι

288 2288 355 2362 per
371 2268 544 2360 refertus,
570 2276 607 2338 et
632 2269 718 2361 quia
742 2276 782 2339 ut
798 2268 888 2340 libet
906 2273 1011 2345 vesci
1029 2268 1238 2340 volentibus
1255 2270 1346 2343 licet
1371 2294 1402 2339 ιι

289 2380 401 2453 Heliu
427 2383 599 2474 trapezan
624 2380 823 2474 adpellant,
851 2391 889 2454 et
907 2404 1001 2477 quae
1018 2384 1157 2476 passim
1174 2382 1346 2476 adposita
1371 2405 1402 2450 ιι
1453 2419 1455 2424 ·

227 2507 262 2561 88
291 2505 378 2567 sunt
394 2494 584 2566 adfirmant
601 2496 745 2566 innasci
764 2495 920 2568 subinde
934 2496 1125 2567 divinitus.
1164 2503 1223 2568 est
1238 2499 1344 2566 lacus
1371 2520 1402 2565 ιι

290 2630 363 2703 quo
388 2608 542 2701 perfusa
559 2628 715 2702 corpora
733 2610 839 2704 quasi
859 2618 968 2680 uncta
987 2609 1184 2701 pernitent:
1210 2607 1346 2678 bibitur
1372 2630 1402 2675 ιι

267 2722 401 2808 videm3
428 2722 522 2794 adeo
548 2734 606 2794 est
629 2724 793 2817 liquidus
820 2732 857 2794 et
881 2722 928 2794 ad
944 2722 1162 2794 sustinenda
1179 2742 1274 2814 quae
1290 2721 1345 2790 in·
1370 2744 1402 2791 ιο

290 2836 417 2907 cidunt
455 2844 518 2906 aut
549 2838 778 2909 inmittuntur
810 2837 995 2926 infirmuS‚
1035 2842 1077 2905 ut
1113 2833 1204 2905 folia
1236 2835 1345 2905 etiam
1370 2857 1402 2904 ιι

289 2950 468 3043 proximis
495 2950 622 3022 decisa
647 2948 839 3020 frondibus
858 2971 932 3020 non
949 2949 1150 3019 innatantia
1166 2945 1262 3018 ferat
1278 2946 1345 3019 sed
1370 2968 1403 3014 ιι

289 3085 441 3157 pessum
467 3072 503 3135 et
528 3065 676 3158 penitus
703 3064 873 3155 accipiat.
931 3068 1079 3133 suntet
1105 3062 1346 3133 saevissimae
1371 3083 1402 3131 ιι

177 3236 180 3243 .
289 3179 394 3265 ferae,
414 3180 515 3250 omni
541 3181 669 3250 colore
694 3179 788 3247 varii
813 3178 994 3267 lycaones
1022 3184 1059 3246 et
1084 3179 1213 3270 quales
1240 3198 1345 3247 acce·
1370 3194 1403 3240 ιι

289 3294 410 3385 pimus
428 3289 640 3385 *sphinges
688 3296 775 3358 sunt
799 3290 913 3360 mirae
940 3309 1030 3360 aves
1057 3295 1233 3361 cornutae
1251 3285 1345 3360 *tra-
1370 3309 1403 3357 rs

212 3411 263 3470 ἰι
291 3428 453 3499 gopanes
479 3405 624 3498 equinis
650 3402 799 3472 auribus
826 3409 863 3472 et
888 3404 1029 3501 pegasis
1072 3411 1234 3474 ceterum
1261 3423 1345 3472 oras
1371 3421 1403 3468 ιι

290 3518 336 3589 ad
362 3502 490 3589 eurum
518 3515 755 3607 sequentibus
787 3502 881 3586 nihil
910 3514 1147 3587 memorabile
1173 3516 1347 3586 occurrit.
1370 3534 1403 3581 ιι

290 3640 398 3703 vasta
424 3629 547 3700 omnia
572 3628 689 3697 vastis
707 3629 878 3721 praecisa
893 3616 1080 3700 montibus
1101 3630 1204 3722 ripae
1221 3628 1345 3721 potius
1371 3646 1404 3692 ιι

293 3751 379 3815 sunt
405 3763 512 3833 quam
537 3742 657 3812 litora.
706 3740 790 3811 inde
816 3743 947 3833 ingens
974 3748 1011 3812 et
1037 3743 1116 3813 sine
1143 3739 1346 3815 cultoribus
1371 3759 1404 3805 ιι

292 3862 441 3928 tractus.
486 3852 635 3925 dubium
661 3854 885 3947 aliquamdiu
911 3855 982 3926 fuit
1004 3861 1154 3928 essetne
1172 3856 1267 3925 ultra
1281 3875 1345 3946 pe·
1371 3870 1404 3916 ιο
