3138 4718
271 412 310 473 14
1166 414 1186 464 Ι.
1207 413 1232 477 8,
1244 412 1321 465 4-10
1334 412 1379 465 Ta.

267 586 318 655 ita
344 607 385 658 se
411 607 455 657 ac
481 585 629 677 tuguria
652 605 721 655 sua
745 592 982 677 promovent,
1015 594 1126 679 atque
1152 586 1214 657 ubi
1241 586 1320 657 dies
1365 614 1376 658 1

267 698 391 769 deficit
415 697 466 770 ibi
491 707 637 769 noctem
669 707 792 790 agunt.
849 718 1067 792 quamquam
1098 700 1137 770 in
1160 700 1320 771 familias
1362 723 1377 768 4

267 812 407 904 passim
439 818 476 881 et
509 813 589 882 sine
621 811 704 904 lege
742 811 901 905 dispersi
932 811 1024 881 nihil
1055 813 1092 883 in
1127 832 1319 884 commune
1362 835 1377 881 4

267 922 490 1015 consultant,
517 930 638 996 tamen
664 927 751 1018 quia
768 926 925 1017 singulis
945 926 1086 1017 aliquot
1105 926 1214 996 simul
1232 943 1319 993 con·
1361 947 1377 992 4

217 1088 220 1092 4
267 1039 373 1129 iuges
399 1042 439 1108 et
461 1038 587 1130 plures
613 1035 660 1109 ob
686 1037 725 1106 id
749 1037 855 1109 liberi
881 1037 1103 1132 adgnatique
1128 1043 1215 1107 sunt
1230 1058 1318 1107 nus·
1362 1062 1376 1108 4

171 1157 238 1216 143
267 1170 375 1243 quam
400 1150 522 1243 pauci.
577 1172 628 1239 veu
652 1150 710 1220 his
741 1151 805 1243 qui
836 1152 933 1220 ultra
964 1149 1109 1221 deserta
1132 1170 1218 1221 esse
1243 1170 1318 1220 me·
1362 1176 1377 1220 4

265 1269 453 1334 morantur
470 1261 636 1334 Atlantes
655 1263 771 1334 solem
790 1269 1030 1335 exsecrantur
1045 1270 1082 1334 et
1099 1261 1184 1333 dum
1203 1254 1319 1332 oritur
1362 1291 1377 1336 4

265 1383 303 1447 44
328 1375 413 1445 dum
439 1375 576 1447 occidit
601 1383 642 1447 ut
665 1377 757 1469 ipsis
783 1377 954 1469 agrisque
980 1374 1205 1469 pestiferum.
1252 1395 1319 1445 no÷
1361 1405 1376 1448 4

263 1490 362 1560 mina
388 1490 523 1580 singuli
547 1511 623 1560 non
647 1488 796 1560 habent:
826 1509 901 1558 non
927 1495 1130 1560 vescuntur
1155 1490 1319 1560 animali·
1361 1514 1376 1558 4

263 1600 349 1672 bus:
373 1622 495 1695 neque
520 1603 593 1673 illis
613 1604 650 1674 in
668 1603 791 1695 quiete
808 1602 931 1696 qualia
951 1602 1085 1673 ceteris
1102 1599 1318 1672 mortalibus
1345 1628 1376 1672 11

263 1716 386 1786 visere
410 1713 530 1785 datur.
1037 1724 1040 1727 ’
1344 1738 1375 1786 11

203 1844 238 1895 44
336 1826 573 1919 Trogodytae
610 1829 793 1899 nullarum
835 1848 947 1920 opum
988 1827 1143 1898 domini·
1166 1826 1318 1898 strident
1344 1853 1375 1900 44

267 1941 383 2031 magis
411 1960 521 2031 quam
544 1940 729 2031 locuntur,
758 1961 895 2032 specus
922 1937 1081 2011 subeunt
1096 1943 1317 2033 alunturque
1342 1963 1375 2011 44

148 2074 152 2080 ·
202 2078 237 2131 45
255 2051 509 2145 serpentibus.
548 2051 647 2146 apud
664 2053 904 2125 Garamantas
924 2054 1033 2124 etiam
1051 2063 1213 2126 armenta
1231 2058 1317 2122 sunt
1343 2074 1374 2120 14

264 2186 382 2257 eaque
408 2164 556 2258 obliqua
581 2167 729 2237 cervice
753 2175 970 2260 pascuntur,
1002 2190 1086 2239 nam
1111 2167 1237 2258 pronis
1261 2163 1315 2234 di·
1344 2185 1374 2231 44

263 2286 366 2349 44444
390 2279 428 2350 in
453 2279 603 2357 humum
620 2299 759 2351 cornua
778 2279 955 2352 officiunt.
998 2280 1088 2351 nulli
1107 2286 1207 2348 certa
1223 2267 1316 2347 uxo'r
1343 2297 1374 2342 11

264 2399 333 2462 444.
375 2413 422 2463 ex
446 2393 505 2464 his
532 2394 691 2487 quitum
715 2391 873 2464 confuso
890 2395 1094 2486 parentium
1111 2391 1213 2461 coitu
1230 2412 1316 2484 pas·
1343 2414 1373 2459 17

265 2506 334 2575 sim
371 2506 574 2598 incertique
611 2512 813 2575 nascuntur
845 2527 939 2599 quos
976 2526 1045 2598 pro
1077 2505 1155 2573 suis
1191 2506 1316 2575 colant
1343 2525 1374 2569 18

199 2644 234 2696 46
262 2615 408 2688 formae
440 2616 675 2690 similitudine
716 2626 934 2711 agnoscunt.
997 2615 1152 2708 Augilae
1189 2637 1315 2687 manes
1342 2635 1374 2681 44

261 2734 404 2800 tantum
442 2728 532 2801 deos
566 2738 714 2823 putant,
745 2754 820 2824 per
853 2751 919 2802 eos
954 2729 1136 2818 deterant,
1176 2751 1242 2800 eos
1277 2737 1316 2798 ut
1340 2749 1373 2795 44

261 2843 413 2913 oracula
446 2844 665 2936 consulunt,
699 2846 914 2939 precatique
946 2863 1041 2936 quae
1072 2842 1222 2930 volunt,
1255 2841 1372 2913 ubi11

260 2956 410 3025 tumulis
435 2955 655 3050 incubuere,
689 2980 756 3050 pro
787 2957 978 3048 responsis
1010 2955 1132 3026 ferunt
1163 2957 1373 3027 sumniam

258 3065 405 3141 seminis
446 3087 573 3140 eorum
612 3073 791 3143 sollemne
828 3075 886 3139 est
922 3077 1033 3140 nocte
1072 3090 1144 3163 qua
1176 3068 1316 3140 nubunt
1341 3089 1373 3135 44

261 3181 421 3250 omnium
448 3189 576 3275 stupro
608 3191 733 3276 patere
770 3184 832 3275 qui
864 3202 949 3252 cum
980 3203 1131 3255 munere
1155 3181 1315 3254 advene·
1340 3201 1373 3247 44

260 3293 344 3383 rint,
370 3302 415 3363 ’44
439 3301 518 3366 tum
543 3317 627 3367 cum
652 3296 816 3388 plurimis
843 3294 1093 3368 concubuisse
1119 3297 1315 3367 maximum
1340 3313 1373 3361 44

197 3435 231 3487 47
262 3402 389 3496 decue,
417 3409 454 3478 in
479 3410 631 3479 relicum
656 3406 830 3499 pudicitia
846 3408 1000 3500 insignis
1019 3417 1086 3480 cst.
1124 3407 1211 3479 nudi
1229 3415 1316 3480 sunt
1340 3425 1373 3470 26

261 3516 553 3612 Gamphasantes
593 3540 849 3613 armorumque
882 3523 1042 3592 omnium
1074 3522 1207 3614 ignari;
1246 3542 1315 3592 nec
1340 3538 1372 3583 44

260 3632 378 3704 vitare
404 3635 525 3705 sciunt
550 3634 623 3703 tela
648 3653 718 3703 nec
742 3634 884 3724 iacere,
906 3632 1074 3728 'ideoque
1100 3634 1231 3705 obvios
1257 3634 1314 3702 fu·
1339 3651 1372 3698 44

260 3746 375 3836 giunt,
409 3765 530 3837 neque
561 3746 716 3816 aliorum
748 3767 856 3839 quam
888 3746 1020 3840 quibus
1053 3746 1149 3818 idem
1179 3745 1314 3837 ingenii
1339 3762 1372 3807 44

197 3875 232 3929 44
259 3867 318 3931 est
331 3865 395 3930 aut
407 3876 630 3949 congressus
644 3867 708 3936 aut
720 3861 917 3953 conloquia
929 3863 1126 3953 patiuntur.
1152 3857 1314 3947 Blomyis
1338 3872 1372 3919 44
