3134 4710
173 401 219 453 111.
238 398 394 464 ιιι-ιιι.
1246 398 1287 460 73

194 603 206 648 ι
306 572 376 645 His
410 574 485 645 oris
519 566 610 665 q'uas
642 575 775 663 angulo
811 570 980 647 Raeticae
1018 574 1138 645 adhuc
1170 595 1287 667 usque
1314 585 1383 644 346

192 716 206 760 ι
232 688 513 780 perstrinximus
539 688 676 756 multae
701 686 883 776 ignobiles
908 687 1051 755 insulae
1069 694 1106 757 et
1124 688 1205 757 sine
1222 708 1287 757 110·

192 826 207 871 a
232 801 391 872 minibus
418 801 527 871 etiam
545 799 727 889 adiacent⁷
756 797 822 870 sed
840 819 963 874 aarum
983 820 1073 892 quas
1092 802 1288 892 praeterire

192 939 209 982 4
232 935 307 985 non
332 913 444 984 libeat
469 912 592 983 Gades
619 910 753 981 fretum
780 911 954 1002 adtingit,
988 933 1105 1005 eaque
1131 919 1288 1003 angusto

193 1049 208 1095 5
234 1027 354 1119 spatio
380 1035 418 1098 et
442 1026 559 1097 veluti
585 1024 733 1095 flumine
758 1045 780 1092 a
807 1024 1008 1096 continenti
1031 1024 1199 1097 abscissa
1216 1046 1289 1119 qua

194 1161 208 1205 ι
234 1141 342 1210 terris
368 1140 520 1232 propior
552 1147 611 1209 est
642 1153 759 1230 paene
784 1145 922 1208 rectam
947 1139 1063 1230 ripam
1089 1140 1183 1231 agit,
1218 1160 1289 1232 qua

194 1275 208 1319 ι
235 1273 414 1324 oceanum
448 1258 592 1344 spectat
618 1248 762 1321 duobus
794 1251 1056 1342 promunturiis
1089 1259 1219 1322 evecta
1251 1254 1288 1323 in

194 1367 367 1458 saltum,
407 1364 566 1436 medium
604 1365 692 1434 litus
725 1362 891 1455 abducit,
931 1371 968 1435 et
999 1363 1073 1436 fert
1104 1366 1142 1435 in
1173 1368 1289 1437 altero

194 1504 209 1548 ι
236 1501 351 1550 comu
369 1478 534 1550 eiusdem
551 1477 711 1549 nominis
729 1475 856 1547 urbem
874 1478 1099 1569 opulentam,
1118 1480 1155 1547 in
1173 1481 1288 1550 altero

178 1616 210 1663 ro
235 1596 410 1687 templum
422 1589 598 1684 Aegyptii
607 1590 795 1682 HerculiS,
811 1589 1080 1682 conditoribus,¹
1095 1592 1286 1684 religione,

179 1733 209 1779 ιι
236 1714 435 1797 vetustate,
463 1703 596 1797 opibus
622 1705 788 1774 inlustre.
835 1702 939 1795 'iprii
958 1704 1198 1777 constituere:
1223 1727 1290 1777 cnr

179 1847 211 1893 ιι
238 1827 405 1889 sanctum
430 1819 480 1889 sit
504 1838 593 1889 ossa
619 1817 700 1887 eius
727 1815 777 1887 ibi
803 1818 876 1886 sita
900 1815 1082 1888 efficiunt:
1111 1839 1288 1891 annorum

178 1963 210 2007 ιι
237 1931 321 2025 quis
352 1940 475 2002 manet
505 1931 550 2002 ab
574 1930 693 2001 Jliaca
722 1926 941 2021 ‘tempestate
972 1931 1154 2024 principia
1187 1930 1289 2002 s'unt:

179 2074 211 2120 ιι
237 2065 327 2136 opes
346 2050 490 2136 tempus
507 2045 610 2116 aluit
651 2045 690 2113 in
707 2040 895 2113 Lusitania
912 2040 1084 2132 Erythria
1103 2051 1161 2114 est
1181 2065 1289 2137 quam
1316 2055 1349 2107 ιι

179 2186 210 2232 ιι
237 2157 410 2248 Geryone
427 2154 623 2228 habitatam
640 2156 865 2247 accepimus,
893 2156 1061 2248 aliaeque
1079 2156 1160 2228 sine
1178 2159 1289 2229 certis

180 2298 211 2345 ιι
236 2269 457 2360 nominibus,
485 2270 577 2353 adeo
603 2269 680 2361 agri
706 2267 865 2361 fertileS,
893 2274 934 2337 ut
959 2288 1044 2337 oum
1070 2271 1185 2339 semel
1211 2278 1291 2342 sata

180 2410 211 2456 rr
236 2383 418 2454 frumenta
443 2383 529 2473 sint,
564 2380 719 2452 subinde
751 2380 927 2452 recidivis
958 2380 1159 2452 seminibus
1185 2402 1289 2474 sege-

181 2521 212 2566 ιι
238 2505 312 2567 tem
335 2493 571 2586 novantibus⁷
600 2493 740 2587 septer'n
766 2495 927 2583 minime,
957 2493 1139 2566 interdum
1164 2494 1289 2587 plures

181 2637 212 2683 ιι
238 2610 347 2680 etiam
384 2629 527 2680 messes
564 2608 694 2678 ferant.
757 2608 796 2677 iu
826 2605 978 2680 Celticis
1016 2608 1159 2700 aliquot
1190 2606 1288 2698 sunt,

179 2751 212 2799 ιι
238 2744 330 2815 quas
363 2724 449 2815 quia
481 2719 630 2814 plumbo
662 2721 848 2792 abundant
880 2743 953 2794 uno
986 2742 1112 2792 omnes
1142 2722 1290 2793 nomine

180 2864 212 2909 ιι
240 2835 485 2906 Cassiteridas
518 2836 713 2927 adpellant.
769 2835 866 2905 Sena
896 2836 933 2905 in
960 2832 1169 2907 Britannico
1200 2836 1292 2906 mari
1317 2843 1353 2896 48

180 2976 213 3023 ιι
240 2948 458 3021 Ossismicis
485 2949 643 3020 adversa
668 2948 851 3037 litoribuS,
879 2946 1013 3017 Gallici
1031 2948 1191 3018 numinis
1210 2970 1291 3018 ora·

181 3092 213 3138 ιι
240 3065 325 3134 culo
350 3063 507 3154 insignis
534 3069 604 3152 est,
632 3062 738 3132 cuius
764 3060 1154 3163 antistiteseperpetua
1177 3062 1291 3151 virgi·

2 3260 4 3267 ¹
119 3207 122 3210 ·
180 3204 214 3249 ιι
238 3177 352 3248 nitate
378 3183 528 3248 sanctae
548 3195 700 3246 numero
717 3194 851 3245 novem
869 3193 955 3242 esse
972 3171 1179 3242 traduntur:
1206 3172 1290 3244 Gal·

182 3320 214 3367 ιι
238 3292 379 3362 lizenas
418 3296 575 3379 vocant,
615 3294 817 3381 putantque
851 3285 1010 3377 ingeniis
1043 3285 1290 3376 singularibus

182 3432 215 3478 ιι
239 3404 423 3496 praeditas
455 3403 569 3473 maria
599 3424 643 3472 ac
668 3408 802 3471 ventos
835 3400 1022 3469 concitare
1054 3398 1289 3492 carminibus⁷

182 3541 215 3586 ιι
242 3539 357 3612 seque
391 3519 427 3587 in
465 3537 558 3610 quae
596 3516 713 3585 velint
750 3513 920 3583 animalia
958 3519 1121 3599 vertere,
1161 3534 1291 3584 sanare

173 3656 215 3700 -ιι
241 3652 335 3724 quae
361 3629 458 3723 apud
483 3630 577 3701 alios
603 3626 819 3698 insanabilia
843 3622 940 3718 suut,
969 3625 1065 3697 scire
1083 3633 1239 3698 ventura
1255 3634 1291 3698 et

183 3768 216 3814 ιι
240 3744 471 3838 praedicare„
504 3742 570 3812 sed
596 3740 745 3813 nonnisi
771 3739 913 3809 deditas
940 3737 1218 3829 nauigantibus⁷
1254 3749 1291 3809 et

151 3918 154 3921 ,
184 3879 216 3925 ιι
242 3858 279 3926 in
305 3857 344 3927 id
370 3863 508 3927 tautum
535 3864 575 3926 nt
601 3875 642 3923 sc
669 3855 903 3924 consulerent
928 3851 1118 3944 profectis.
