3134 4710
159 427 206 480 111.
226 427 251 490 3,
263 425 281 479 3
294 451 326 461 -
337 425 362 489 5,
377 415 450 476 sz.
1230 422 1271 488 69

178 634 190 675 ι
219 597 348 692 Lupia
376 600 412 667 in
439 617 617 668 oceanum
633 596 806 687 AmissiS,
827 597 997 690 Visurgis
1022 605 1060 669 et
1076 597 1178 668 Albis
1198 600 1270 669 cla-

178 743 192 786 3
218 713 367 783 rissimi.
411 732 522 803 super
533 708 654 779 Albim
668 707 839 794 Codanus
858 713 987 804 ingens
1007 713 1111 782 sinus
1130 714 1270 803 magnis
1299 720 1315 776 3
1335 724 1367 777 31

178 860 192 903 3
217 829 416 919 parvisque
444 824 576 894 insulis
603 822 761 893 refertus
788 830 856 923 est.
895 824 965 895 hac
990 846 1030 895 re
1055 846 1154 895 mare
1172 826 1269 917 quod

177 968 192 1011 ι
218 939 355 1030 grernio
381 939 529 1007 litorum
554 936 736 1028 accipitur
767 956 947 1031 nusquam
978 941 1051 1009 iate
1075 945 1177 1032 patet
1201 923 1270 1009 nec

177 1073 372 1146 susquam
405 1054 495 1121 mari
523 1052 662 1140 simile,
696 1071 824 1120 verum
856 1054 969 1144 aquis*
995 1054 1134 1145 passim
1160 1053 1270 1123 inter·

177 1193 191 1236 e
216 1165 412 1236 fluentibus
439 1186 483 1235 ac
509 1185 620 1255 saepe
646 1166 889 1254 transgressis
910 1186 1045 1257 vagum
1069 1173 1179 1258 atque
1202 1164 1270 1235 dif-

178 1308 190 1350 ι
215 1278 339 1348 fusum
363 1277 460 1347 facie
483 1277 642 1346 amnium
661 1277 859 1366 spargitur:
886 1298 959 1370 qua
975 1278 1084 1348 litora
1100 1277 1268 1368 adtingit,

175 1420 190 1463 s
215 1391 306 1483 ripis
333 1387 570 1460 *contentum
597 1389 798 1457 insularum
822 1410 895 1460 non
921 1392 1030 1481 longe
1049 1389 1293 1479 distantibus·

176 1530 190 1573 ι
216 1511 254 1573 31
281 1501 417 1597 ubique
444 1520 561 1594 paene
592 1499 833 1593 tantumdem,
866 1503 895 1571 it
925 1509 1120 1595 angustum
1145 1511 1183 1573 31
1206 1523 1276 1595 par

158 1644 190 1688 ιο
214 1615 324 1706 freto,
354 1634 589 1707 curvansque
608 1634 667 1687 ,ser
683 1611 837 1682 subinde
860 1617 971 1706 longo
998 1616 1198 1707 supercilio
1216 1618 1268 1686 in-

159 1756 189 1801 ιι
215 1730 350 1800 flexum
377 1739 446 1799 est.
498 1730 534 1799 in
561 1749 606 1797 eo
638 1733 724 1797 sunt
749 1724 884 1798 Cimbri
910 1736 947 1799 et
971 1727 1141 1822 Teutoni,
1176 1731 1268 1801 ultra
1295 1746 1329 1800 33

158 1873 189 1916 ιι
215 1843 333 1913 ultimi
360 1843 577 1913 Germaniae
602 1839 834 1910 Hermiones.
930 1878 932 1881 ·
1051 1910 1054 1918 „
1129 1841 1131 1847 ’

159 1988 189 2032 rs
287 1956 465 2027 Sarmatia
498 1955 596 2025 intus
614 1971 737 2047 'quam
771 1953 817 2023 ad
848 1975 948 2025 mare
979 1958 1106 2046 latior,
1140 1955 1267 2027 abhis
1295 1974 1330 2026 33

158 2097 189 2143 ιι
215 2090 308 2166 quae
342 2074 516 2139 secuntur
534 2065 682 2136 Vistula
714 2087 820 2136 amne
853 2066 1029 2159 discreta⁷
1066 2089 1139 2161 qua
1168 2076 1266 2139 retro

157 2210 188 2257 ι3
214 2180 288 2252 abit
320 2203 439 2274 usque
470 2180 517 2250 ad
549 2178 715 2249 Histrum
746 2179 880 2249 flumen
913 2180 1118 2251 inmittitur.
1176 2202 1266 2272 gens

119 2348 121 2351 .
157 2322 189 2369 re
213 2294 338 2365 habitu
356 2295 540 2385 armisque
556 2288 747 2362 Parthicae
764 2293 946 2384 proxima,
969 2312 1096 2362 verum
1115 2301 1155 2362 ut
1171 2296 1265 2365 caeli

158 2436 189 2480 ιι
215 2408 414 2499 asperioris
447 2409 498 2476 ita
529 2405 676 2497 ingenii.
733 2426 807 2475 non
841 2427 883 2476 se
909 2403 1055 2475 urbibus
1083 2412 1207 2475 tenent
1231 2415 1268 2477 et
1294 2417 1329 2469 34

158 2546 189 2593 rs
215 2541 260 2590 ne
288 2519 394 2589 statis
422 2517 576 2612 quidem
603 2516 766 2588 sedibus.
823 2524 864 2586 ut
888 2518 1094 2589 invitavere
1118 2516 1265 2610 pabula,

119 2699 123 2705 .
158 2660 188 2706 ιι
214 2641 255 2703 ut
281 2632 416 2703 cedens
443 2640 481 2702 et
507 2652 666 2724 sequens
693 2630 811 2700 hostis
838 2630 974 2722 exegit,
1002 2631 1053 2700 ita
1078 2652 1138 2701 res
1158 2652 1266 2723 opes·

156 2771 188 2818 ac
215 2767 286 2838 que
313 2766 438 2815 secum
466 2744 613 2814 trahens
642 2764 785 2835 semper
810 2749 932 2814 castra
950 2742 1128 2830 habitant3
1156 2744 1265 2815 bella·

156 2886 188 2931 21
215 2859 300 2949 trix,
330 2856 454 2947 libera,
483 2856 672 2947 indomita,
699 2863 736 2926 et
761 2877 879 2948 usque
905 2877 950 2926 co
975 2857 1131 2928 inmanis
1156 2844 1269 2951 atque

155 2995 188 3042 22
214 2979 320 3041 atrox
351 2979 392 3040 ut
423 2970 580 3040 feminae
619 2970 726 3038 etiarn
760 2967 856 3039 bella
889 2989 972 3039 eum
1003 2972 1094 3041 viris
1127 2973 1261 3061 ineant,

155 3109 187 3154 ιι
213 3090 324 3177 atque
351 3092 390 3154 ut
415 3084 555 3154 habiles
584 3084 669 3173 sint,
697 3083 794 3151 natis
814 3083 937 3151 statim
955 3081 1084 3151 dextra
1100 3083 1266 3153 aduritur

155 3220 188 3266 ιι
213 3218 383 3289 mamma,
418 3197 503 3266 inde
529 3196 701 3287 expedita
732 3195 769 3264 in
796 3196 892 3264 ictus
925 3216 1055 3264 manus
1082 3216 1175 3291 quae
1201 3217 1263 3266 ex-

130 3333 188 3381 433
214 3312 339 3402 entur,
367 3311 475 3379 virile
500 3309 540 3378 fit
565 3317 708 3401 pectus.
758 3328 868 3378 arcus
895 3306 1057 3397 tendere,
1085 3309 1261 3400 equitare⁷
1291 3329 1327 3382 aa

155 3444 187 3490 aa
215 3424 353 3515 venari,
380 3423 559 3515 puellaria
584 3442 700 3513 pensa
726 3428 822 3511 sunt⁷
854 3420 965 3491 ferire
992 3419 1136 3490 hostem
1162 3420 1262 3492 adul-

155 3557 187 3602 33
214 3545 330 3606 tarum
363 3535 585 3628 stipendium
618 3542 694 3620 est,
730 3533 822 3604 adeo
855 3539 897 3602 ut
927 3552 999 3603 uun
1030 3536 1264 3626 percussisse

155 3670 187 3717 re
213 3670 279 3742 pro
295 3649 434 3740 flagitio
452 3646 640 3737 habeatur,
662 3648 783 3738 sitque
802 3647 856 3716 eis
874 3666 1015 3738 poenae
1034 3647 1237 3739 virginitas.

155 3783 187 3829 re
285 3758 380 3832 Jnde
396 3760 510 3833 Asiae
535 3760 690 3830 confinia
715 3760 789 3830 nisi
815 3757 876 3828 ubi
899 3768 1098 3852 perpetuae
1122 3762 1262 3833 hiemes
1288 3777 1326 3830 aa

155 3894 188 3939 aa
214 3872 344 3944 sedent
369 3880 406 3944 et
431 3871 672 3945 intolerabilis
699 3872 809 3963 rigor.
865 3871 1032 3963 Scythici
1058 3874 1182 3966 populi
1207 3873 1261 3944 in·
