3134 4710
173 409 220 463 111.
233 409 258 472 6,
268 408 326 460 6-9
340 407 386 460 uz.
1242 402 1283 464 75

137 650 142 660 .
192 612 204 654 1
232 582 278 653 ad
295 581 510 652 maturanda
527 582 667 653 semina
684 580 816 670 iniqui,
836 599 965 649 verum
982 576 1075 648 adeo
1093 578 1285 651 luxuriosa

191 723 206 767 a
230 693 352 766 herbis
378 716 451 765 non
477 696 584 765 laetis
610 692 721 764 modo
748 691 814 762 sed
840 692 949 762 etiam
976 690 1157 783 dulcibuS,
1185 698 1226 761 ut
1243 711 1283 760 se

191 835 205 878 a
231 810 364 899 exigua
390 812 493 900 parte
520 807 595 879 diei
620 827 756 898 pecora
781 806 957 898 inpleant,
990 812 1028 874 et
1052 805 1132 891 nisi,
1149 803 1285 896 pabulo

191 920 509 1013 lprohibeantur,
550 920 687 990 diutius
722 926 829 1012 pasta
860 918 1057 988 dissiliant.
1122 921 1284 989 cultores

192 1037 312 1105 seius
350 1032 531 1106 inconditi
569 1039 655 1103 sunt
692 1039 729 1103 et
767 1030 928 1102 omnium
961 1032 1138 1101 virtutum
1169 1030 1286 1122 ignari

192 1173 207 1219 a
231 1148 349 1239 magis
375 1168 485 1241 quam
512 1147 606 1218 aliae
637 1153 785 1238 gentes,
800 1145 802 1150 '
819 1145 968 1237 pietatis
1001 1143 1195 1216 admodum
1221 1166 1285 1216 ex-

192 1268 367 1352 upertes.
417 1261 567 1353 triginta
593 1267 679 1331 sunt
706 1257 894 1329 Orchades
926 1259 1095 1349 angustis
1121 1259 1216 1329 inter
1242 1279 1283 1330 se
1310 1262 1381 1321 354

191 1402 206 1445 a
233 1372 403 1444 diductae
435 1375 598 1467 spatiis,
619 1379 760 1464 septem
792 1368 1004 1442 Haemodae
1036 1377 1164 1443 contra
1195 1371 1285 1442 Ger·

191 1516 206 1560 a
230 1488 389 1558 maniam
413 1494 556 1559 vectae.
598 1487 636 1556 in
660 1487 726 1556 illo
752 1484 835 1554 sinu
857 1505 965 1576 quem
983 1481 1171 1553 Codanum
1190 1482 1284 1553 dixi-

175 1624 206 1670 ιο
227 1621 313 1671 -mus
331 1600 442 1672 exiis
463 1596 690 1691 Codanovia,
713 1619 822 1691 quam
838 1596 958 1669 adhuc
970 1594 1128 1670 Teutoni
1145 1604 1282 1688 tenent,

175 1739 205 1784 11
232 1721 273 1784 ut
289 1713 514 1787 fecunditate
531 1713 623 1784 alias
642 1713 694 1783 ita
710 1710 961 1803 magnitudine
979 1718 1149 1782 antestat.
1188 1732 1283 1803 quae
1310 1728 1346 1782 aa

176 1854 207 1900 12
231 1826 408 1898 Sarmatis
434 1824 591 1898 adversa
617 1831 703 1895 sunt
719 1824 766 1895 ob
783 1826 944 1921 alternos
968 1845 1145 1895 accessus
1163 1846 1286 1897 recur-

175 1969 206 2015 re
234 1960 373 2032 susque
398 1939 534 2031 pelagi,
569 1945 606 2008 et
633 1937 731 2031 quod
758 1938 877 2029 spatia
903 1937 987 2030 quis
1014 1938 1151 2009 distant
1175 1936 1286 2009 modo

176 2053 446 2145 adponuntur
478 2051 587 2122 undis
619 2049 729 2121 modo
761 2049 859 2120 nuda
885 2058 988 2142 sunt,
1022 2052 1114 2121 alias
1140 2052 1285 2122 insulae

176 2192 206 2239 rt
232 2165 403 2236 videntur
428 2165 519 2236 alias
547 2183 619 2233 una
644 2169 681 2234 et
707 2165 898 2234 continens
917 2170 1024 2234 terra.
1067 2165 1106 2234 in
1121 2163 1180 2234 his
1199 2185 1284 2236 esse
1311 2184 1346 2240 te

175 2308 207 2354 ιο
233 2276 393 2370 OeneaS,
422 2277 485 2370 qui
511 2276 594 2349 ovis
621 2276 746 2347 avium
769 2274 988 2367 palustrium
1005 2281 1042 2345 et
1059 2276 1189 2348 avenis
1208 2283 1285 2346 tan·

175 2420 207 2466 17
233 2398 309 2461 tum
334 2392 489 2482 alantur,
517 2409 603 2460 esse
629 2388 771 2481 equinis
797 2388 954 2480 pedibus
980 2387 1222 2481 Hippopodas
1249 2397 1287 2460 et

176 2535 207 2582 ιε
233 2503 411 2575 Sannalos
437 2503 570 2595 quibus
595 2522 749 2592 magnae
779 2522 887 2571 aures
921 2508 958 2571 et
984 2500 1029 2570 ad
1054 2500 1286 2571 ambiendum

176 2649 207 2695 ω
233 2637 369 2711 corpus
404 2635 512 2686 omne
549 2616 699 2707 patulae
736 2613 845 2685 nudis
885 2614 1049 2706 alioquin
1081 2635 1149 2706 pro
1179 2621 1286 2685 veste

174 2762 207 2808 20
233 2731 319 2822 sint,
346 2736 600 2821 praeterquam
626 2727 725 2820 quod
750 2726 886 2798 fabulis
913 2726 1081 2819 traditur,
1115 2736 1285 2800 auctores

174 2873 206 2920 21
233 2842 343 2911 etiam
369 2861 462 2934 quos
489 2840 595 2933 sequi
619 2860 695 2910 non
720 2842 843 2931 pigeat
867 2841 1028 2912 invenio.

174 2984 207 3031 aa
306 2950 424 3043 Thyle
449 2949 642 3044 Belgarum
675 2951 775 3022 litori
807 2950 978 3045 adposita
1008 2960 1086 3043 est,
1120 2953 1218 3043 grais
1248 2960 1286 3023 et
1312 2964 1347 3019 57

174 3097 207 3145 aa
233 3066 371 3138 nostris
398 3065 581 3162 celebrata
607 3062 841 3134 carminibus.
892 3064 1013 3156 inea,
1042 3063 1209 3155 quodibi
1227 3066 1285 3136 sol

174 3208 208 3255 24
232 3181 342 3272 longe
375 3198 578 3250 occasurus
612 3175 798 3267 exsurgit,
833 3173 965 3246 breves
998 3174 1124 3266 utique
1155 3182 1284 3245 noctes

175 3323 207 3370 25
232 3300 332 3385 sunt,
354 3290 419 3362 sed
436 3310 503 3383 per
518 3290 664 3360 hiemen
683 3289 781 3360 sicut
797 3285 911 3358 aliubi
930 3286 1124 3378 obscurae,
1145 3294 1285 3360 aestate

175 3435 208 3481 ae
232 3403 398 3497 lucidae,
432 3401 530 3497 quod
556 3401 685 3496 perid
712 3409 856 3493 tempus
889 3399 961 3470 iam
995 3419 1036 3470 se
1062 3400 1172 3472 altius
1199 3422 1285 3473 eve·

174 3547 207 3591 ar
232 3518 337 3611 hens,
365 3536 583 3611 quamquam
608 3516 689 3607 ipse
714 3534 788 3584 non
813 3517 995 3604 cernatur,
1022 3512 1148 3584 vicino
1166 3521 1286 3586 tamen

175 3656 207 3701 ra
234 3632 430 3724 splendore
456 3629 623 3722 proxima
655 3628 843 3717 inlustrat,
878 3646 943 3718 per
969 3627 1170 3698 solstitium
1196 3647 1286 3698 vero

174 3766 208 3813 as
232 3745 374 3832 nullae,
411 3740 510 3835 quod
542 3746 618 3810 tum
650 3739 723 3809 iam
747 3737 978 3831 manifestior
1006 3757 1079 3809 non
1105 3737 1286 3830 fulgorem

175 3878 208 3923 ao
233 3855 343 3928 modo
370 3854 438 3927 sed
464 3854 522 3925 sui
550 3873 698 3945 quoque
723 3859 865 3944 partem
889 3852 1083 3923 maximam
1110 3858 1284 3922 ostentat.
