3138 4718
282 372 326 434 40
911 354 915 358 ’
1171 368 1394 434 rino-nri.

184 561 252 617 229
355 543 470 638 Regio
489 546 642 618 ulterior
654 541 873 617 Diomedem
892 546 986 638 tulit,
1006 541 1211 616 inmanibus
1230 545 1336 639 equis
1380 575 1394 620 1

280 658 506 731 mandendos
538 659 688 731 solitum
726 656 910 729 obiectare
942 656 1105 730 advenas
1137 664 1175 730 et
1206 657 1338 729 iisdem
1359 687 1394 732 ‚r

281 769 325 843 ab
343 769 504 842 Hercule
530 769 726 841 obiectum.
769 767 895 839 Turris
922 792 1030 864 quam
1052 768 1244 843 Diomedis
1270 791 1336 842 vo·
1379 804 1394 847 e

281 891 366 955 eant
391 885 537 976 siguum
561 882 707 956 fabulae
733 891 908 976 remanet,
923 892 974 975 ¹ot
999 883 1087 965 urbs
1105 905 1212 977 qnam
1229 904 1337 955 soror
1378 916 1395 960 4

281 996 361 1069 eius
388 1016 458 1067 suo
484 997 632 1068 nomine
656 994 861 1067 nominavit
877 994 1038 1082 Abdere3
1066 996 1133 1069 sed
1158 1018 1201 1067 ea
1218 997 1336 1089 magis
1380 1031 1395 1077 5

281 1107 320 1179 id
344 1107 619 1180 memorandum
642 1106 776 1201 habet,
812 1107 910 1203 quod
934 1106 1184 1181 Democritum
1208 1110 1337 1202 physi·
1380 1145 1394 1190 0

221 1243 257 1297 ao
283 1240 366 1295 eum
391 1223 489 1315 tulit,
517 1244 626 1316 quam
652 1221 752 1318 quod
775 1224 827 1294 ita
852 1223 1001 1296 condita
1025 1231 1094 1294 est.
1143 1225 1239 1294 ultra
1263 1220 1336 1297 Ne·
1380 1261 1395 1306 7
1484 1301 1488 1307 ,

282 1342 361 1406 stos
386 1334 479 1429 fluit,
513 1335 682 1431 interque
715 1357 798 1406 eum
823 1343 862 1407 et
886 1335 1085 1426 Strymona
1116 1334 1225 1407 urbes
1251 1342 1338 1405 sunt
1379 1374 1395 1419 Β

282 1447 454 1542 Philippi,
486 1447 697 1542 Apollonia,
730 1447 976 1542 Amphipolis:
1013 1450 1109 1520 inter
1139 1447 1338 1539 Strymona
1381 1484 1395 1528 9

283 1568 322 1632 et
344 1559 467 1633 Athon
491 1560 618 1634 Turris
646 1560 819 1632 Calamea
848 1567 886 1633 et
908 1567 1038 1653 portus
1065 1558 1186 1653 Capru
1211 1560 1337 1655 limen,
1365 1597 1396 1644 10

284 1673 371 1745 urbs
390 1672 576 1779 Acanthos
603 1680 640 1744 et
657 1670 824 1744 Echinia:
849 1673 946 1744 inter
962 1671 1084 1745 Athon
1110 1682 1148 1745 et
1165 1670 1339 1745 Pallenen
1366 1709 1395 1755 n

221 1841 226 1851 .
285 1784 424 1863 Clenna
464 1795 502 1860 et
533 1786 732 1879 Olynthos.
793 1785 987 1878 Strymon,
1028 1786 1126 1859 sieut
1163 1785 1337 1879 diximum
1364 1824 1396 1872 12

284 1900 402 1973 amnis
428 1907 489 1972 est
512 1901 696 1993 longeque
727 1904 829 1968 ortus
862 1901 900 1968 et
924 1898 1068 1973 tenuis:-
1095 1899 1226 1971 alienis
1253 1896 1338 1970 sub·
1365 1935 1397 1983 13

285 2012 371 2087 inde
396 2015 501 2110 aquis
526 2011 566 2083 lit
589 2013 764 2105 amplior,
798 2018 834 2083 et
867 2010 929 2082 ubi
960 2033 1034 2084 non
1059 2013 1170 2106 longe
1201 2010 1340 2083 amari
1366 2046 1399 2093 n

284 2129 408 2199 laeum
432 2125 536 2217 feeit,
562 2125 701 2196 maiore
721 2146 830 2218 quam
848 2129 1000 2223 venerat
1018 2128 1127 2198 alveo
1144 2125 1314 2219 erumpit.
1367 2156 1398 2205 ιδ

224 2260 256 2315 31
360 2240 477 2312 Athos
504 2258 611 2310 mons
637 2237 730 2310 adeo
756 2240 852 2309 altus
873 2234 951 2330 est,
977 2243 1019 2310 ut
1041 2239 1211 2311 credatur
1227 2239 1339 2311 altius
1366 2268 1398 2316 ro

287 2355 398 2427 etiarn
413 2446 416 2447 ᾗ
432 2373 541 2446 quam
564 2350 673 2449 'unde
698 2351 832 2433 imbres
859 2351 996 2425 eadunt
1029 2373 1192 2444 surgere.
1243 2354 1342 2446 oepit
1367 2384 1398 2431 n

287 2466 412 2563 opinio
443 2465 573 2560 fidem,
606 2466 692 2560 quia
723 2466 769 2537 de
802 2468 875 2537 aris
910 2467 1065 2560 quasin
1089 2467 1236 2557 vertice,
1259 2488 1341 2537 sus·
1368 2495 1399 2541 rs

287 2583 379 2665 tinet
396 2601 470 2652 non
487 2577 644 2653 abluitur
663 2579 770 2672 eima,
799 2579 866 2653 sed
884 2600 957 2673 quo
975 2579 1192 2675 relinquitur
1209 2600 1341 2672 aggere
1367 2604 1399 2651 re

287 2699 420 2767 manet.
471 2698 635 2764 ceterum
658 2714 733 2766 non
758 2693 1019 2786 promunturio.
1038 2701 1079 2764 ut
1104 2694 1180 2784 alii,
1213 2711 1341 2764 verum
1366 2717 1399 2767 20

288 2812 389 2878 totus
427 2809 465 2876 et
502 2810 581 2876 toto
612 2806 720 2898 longe
756 2803 868 2876 dorso
907 2804 1075 2897 procedit
1106 2806 1143 2874 in
1174 2804 1341 2896 pelagus.
1366 2832 1398 2881 rr

227 2940 262 2994 aa
292 2941 364 3015 qua
395 2918 599 2989 continenti
631 2919 802 2990 adhaeret
835 2939 857 2987 a
881 2913 1007 2989 Xerxe
1037 2919 1076 2988 in
1101 2916 1232 2987 Graios
1265 2923 1343 2990 ten·
1367 2945 1400 2992 rr

291 3033 400 3104 dente
416 3030 609 3123 perfossus
627 3032 998 3122 transnavigatusque
1016 3036 1075 3100 est
1091 3028 1221 3123 Athon,
1248 3030 1350 3106 freto¹
1368 3056 1402 3104 ro

290 3142 491 3236 navigabili
516 3146 678 3238 pervius.
722 3144 795 3214 ima
820 3144 899 3215 eius
926 3150 1051 3214 tenent
1066 3164 1202 3236 parvae
1221 3141 1344 3227 Pelas·
1368 3168 1402 3215 rr

292 3277 421 3349 gerum
447 3257 628 3329 coloniae.
676 3259 717 3327 in
743 3275 885 3325 summo
911 3252 983 3325 fuit
1007 3254 1183 3348 oppidum
1207 3257 1344 3329 Aeroa·
1369 3278 1402 3327 ar

292 3369 406 3463 thum,
433 3370 472 3442 in
497 3392 585 3466 quo,
612 3367 810 3458 otiorum,
838 3364 988 3438 dimidio
1013 3368 1160 3462 longior
1182 3390 1291 3463 quarn
1307 3371 1346 3442 in
1369 3391 1402 3438 re

230 3506 266 3560 aa
294 3483 376 3554 ahis
408 3483 517 3555 terris
549 3488 651 3551 aetas
684 3478 923 3550 habitantium
955 3486 1044 3552 erat.
1101 3479 1249 3554 Pallene
1275 3483 1346 3554 soli
1370 3504 1403 3551 rr

294 3604 367 3668 tam
391 3594 570 3689 patentiS,
603 3599 645 3662 ut
669 3591 830 3687 quinque
857 3590 999 3663 urbium
1025 3593 1135 3667 sodes
1161 3595 1212 3666 sit
1235 3602 1345 3689 atque
1370 3616 1402 3663 ro

294 3730 400 3801 ager,
434 3713 511 3777 tota
535 3704 573 3774 in
599 3705 713 3775 altum
739 3705 832 3794 abit,
866 3714 1024 3799 angusta
1049 3708 1141 3779 satis
1168 3707 1265 3778 unde
1290 3706 1345 3775 in·
1370 3725 1402 3773 re

295 3822 397 3914 eipit.
445 3817 494 3889 ibi
511 3826 569 3890 est
586 3816 800 3891 Pontidaea:
827 3827 865 3888 at
882 3818 944 3889 ubi
961 3819 1072 3893 latius
1093 3827 1194 3913 patet
1211 3817 1345 3893 Mende
1370 3836 1403 3884 ao
