3138 4718
291 436 347 489 ml

295 670 324 681 .,
398 604 520 691 satias
551 618 733 691 lectiones
764 617 952 710 excerpsit
975 615 1041 690 m.
1064 617 1217 715 >Pressel
1245 619 1402 710 (iiheiu.

337 936 342 947 l

264 1047 269 1054 .
395 982 606 1076 diligentem
625 1004 667 1054 sc
683 982 879 1077 praestitit
917 983 956 1055 in
972 982 1091 1078 prima
1106 983 1252 1059 codicis
1265 985 1402 1058 scheda

399 740 497 812 Mus.
521 762 557 811 n.
577 737 615 810 F.
642 718 666 808 ἱ)
692 742 730 832 μ’
740 739 828 830 153)
859 748 901 811 et
920 743 1038 812 multo
1063 742 1246 815 maiorem
1263 734 1422 836 partem'

398 861 524 935 omisit
549 868 587 932 et
611 862 649 932 in
674 862 729 934 eis
756 881 849 955 quas
871 863 1026 956 protulit
1043 863 1263 956 saepissime
1278 865 1401 938 minus

310 1166 312 1171 ,
358 1162 362 1169 .
395 1102 608 1178 adnotatum
630 1113 704 1199 est,
732 1126 817 1178 esse
842 1126 926 1177 cum
944 1105 1105 1200 Emptam
1130 1130 1176 1179 ec
1192 1106 1294 1182 libris
1313 1106 1400 1180 Ucr-

297 1274 301 1285 ·
337 1280 341 1291 .
395 1226 521 1299 dioclis
534 1224 666 1316 Sirleli,¹
683 1227 813 1322 procul
831 1226 942 1301 dubio
961 1225 1006 1300 ab
1019 1226 1182 1325 Ascanio
1192 1226 1398 1323 Columnio,

287 1403 288 1407 η
347 1408 350 1414 .
395 1368 469 1445 quo
501 1355 649 1421 mortuo
680 1356 825 1444 emptus
857 1349 902 1421 ab
934 1348 1188 1446 Joh.·Angelo
1212 1349 1400 1447 Altaemps

387 1468 538 1573 tandem
564 1470 610 1542 ad
628 1468 781 1542 Paulum
798 1470 833 1541 V
857 1471 898 1544 P.
916 1469 968 1543 M.
994 1474 1164 1568 pervenit
1185 1494 1269 1546 cum
1284 1495 1400 1545 nona·

393 1593 493 1687 ginta
518 1610 653 1665 novem
680 1594 762 1665 aliis
780 1594 988 1689 codicibus,
1016 1615 1171 1690 quorum
1188 1596 1400 1690 apographa

333 1711 357 1815 J
387 1717 427 1788 in
459 1713 680 1787 bibliotheca
711 1715 984 1811 Altaemps'iana
1011 1717 1263 1790 retinebantur
1301 1717 1398 1808 (Ma-

391 1836 506 1911 billcn
523 1835 712 1909 musical.
734 1837 748 1908 l
770 1837 896 1932 pao),
916 1847 953 1912 et
968 1840 1087 1911 multo
1104 1839 1252 1914 demum
1263 1847 1399 1935 ,postea

339 2012 343 2019 .
368 1957 430 2029 :in
455 1956 711 2032 bibliothecam
730 1956 1012 2033 Ottobonianam
1037 1961 1172 2056 delata,
1200 1962 1343 2037 tandem
1361 1969 1398 2033 et

391 2081 475 2174 ipsa
506 2081 543 2153 in
562 2080 780 2157 vaticanam
819 2083 1078 2157 bibliothecam
1108 2090 1264 2179 vrecepta
1298 2088 1395 2156 sunt.

346 2280 350 2288 ¹
391 2200 539 2294 (Blume
564 2205 604 2274 it.
629 2202 717 2278 Jtal.
743 2205 765 2277 3
790 2205 888 2301 pte
907 2208 1042 2304 seqq.).
1097 2225 1146 2279 ex
1173 2205 1304 2280 horum
1328 2228 1395 2279 nu·

381 2344 492 2400 mero
517 2333 576 2398 est
726 2346 729 2353 ’

356 2498 360 2505 .
441 2447 536 2521 cod.
575 2446 914 2524 ottobonianus
954 2448 1086 2544 1549,
1126 2451 1277 2524 ineunte
1315 2471 1395 2524 sae·

391 2571 477 2644 culo
508 2591 597 2649 xvn
624 2573 665 2644 in
696 2570 833 2645 chartis
867 2573 1036 2665 oblongis
1066 2594 1087 2644 e
1119 2571 1299 2646 Vaticano
1329 2573 1395 2644 illo

278 2728 281 2731 ·
317 2734 323 2749 ι
391 2691 522 2766 codice
548 2693 774 2789 descriptus,
801 2695 940 2767 omisso
965 2701 1106 2767 tantum
1127 2694 1331 2787 fragmento
1349 2693 1395 2765 de

277 2833 283 2873 1
346 2866 350 2873 2
390 2812 593 2888 litteratura
619 2810 823 2911 Pelasgiea.
879 2816 986 2890 initio
1011 2817 1109 2891 enim
1135 2814 1277 2889 codicis
1302 2813 1395 2887 baec

390 2937 562 3029 leguntur
593 2938 636 3011 ab
656 2942 776 3013 *altere
801 2937 968 3010 eiusdem
995 2937 1172 3030 temporis
1197 2957 1307 3009 manu
1332 2936 1394 3008 ad·

295 3110 298 3115 -
354 3103 356 3107 >
391 3062 529 3155 scripta
570 3061 660 3135 Vnae
697 3085 742 3134 ea
779 3059 955 3131 codicibus
993 3065 1124 3130 ceulam
1163 3058 1395 3132 bibliothecae

387 3174 639 3280 altempsicnce
660 3206 686 3255 c
705 3182 818 3254 Paule
838 3182 962 3271 octale
987 3204 1088 3253 mecca
1113 3185 1215 3275 reqic
1240 3184 1394 3277 exeeptis

387 3325 476 3388 acne
500 3329 585 3379 cero
610 3328 635 3376 a
651 3303 786 3376 Jocece
801 3302 936 3396 Aeqelo.
961 3303 1007 3374 eb
1024 3305 1181 3400 Allempe
1197 3304 1296 3375 Dece
1307 3326 1393 3398 pro

383 3432 476 3523 priie
502 3427 691 3522 sumptibus
714 3426 916 3517 fidelissime
940 3449 986 3497 ec
1007 3426 1239 3520 originalibus
1262 3429 1393 3500 desem-

279 3557 283 3565 '
382 3555 457 3649 plia
481 3557 519 3620 cl
542 3548 752 3620 bibliclbece
776 3549 1008 3642 coemptione
1031 3553 1152 3644 quoad
1166 3554 1281 3647 politii
1297 3556 1393 3622 lenio

388 3672 574 3768 splendore
599 3673 668 3742 iem
693 3673 862 3749 dmorclc
877 3693 946 3743 noe
962 3681 1115 3763 carmel,
1141 3696 1236 3770 quae
1252 3671 1392 3745 eisdem

388 3792 515 3867 verbis
541 3793 579 3865 in
603 3791 675 3867 line
701 3794 846 3870 codicis
870 3795 1027 3894 repetita
1051 3805 1172 3887 sunt]
