3138 4718
154 414 189 469 11.
201 413 372 481 aarum.
1231 414 1272 477 49

175 586 372 681 1Rbegia,
411 587 611 681 Rhegium,
654 588 801 679 Scylla,
831 578 1085 660 *Taurianum
1124 593 1163 657 et
1192 585 1273 657 Me·

174 710 370 775 staurum.
465 696 468 701 “
1026 756 1029 764 .

174 839 190 885 a
285 811 385 886 Hinc
415 817 454 886 in
477 811 639 885 Tuscum
669 832 772 883 mare
801 813 919 885 flexus
952 820 1080 893 estet
1105 811 1271 885 eiusdem
1299 829 1369 886 269

173 955 190 1000 4
214 933 335 998 terrae
365 926 463 997 latus
493 926 668 1016 alterurn,
704 921 911 1016 Maticana,
951 925 1090 998 ionium
1113 922 1270 1018 Vibone,

174 1036 378 1129 s'l'emisa,
412 1036 636 1131 Clampetia,
675 1033 833 1134 Blanda,
873 1034 1114 1129 Buxentium,
1147 1035 1269 1130 Velia,

174 1148 409 1226 sPalinurus
447 1150 536 1222 olim
572 1147 726 1243 Phrygii
764 1148 1020 1242 gubernatoris
1057 1170 1157 1222 nunc
1194 1151 1270 1224 loci

174 1284 366 1355 unomen,
407 1259 635 1335 *Paestanus
674 1263 800 1356 sinus,
844 1259 1040 1356 *Paestum
1078 1262 1268 1356 oppidum,

173 1376 354 1453 eSilerus
380 1376 511 1468 amniS,
542 1372 722 1468 Picentia,
754 1372 885 1448 Petrae
914 1397 1006 1471 quas
1031 1375 1181 1447 Sirenes
1205 1376 1270 1448 ha·

173 1522 189 1568 9
214 1487 388 1581 bitarunt,
408 1486 602 1582 Minervae
617 1487 933 1581 promunturium,
948 1489 1071 1559 omnia
1086 1484 1269 1561 Lucaniae

157 1630 188 1677 ro
214 1604 314 1688 loea3
341 1603 445 1674 sinus
460 1598 702 1694 Puteolanus,
713 1601 943 1693 Syrrentum,
957 1598 1268 1691 *Herculaneum
1297 1621 1332 1674 so

156 1744 188 1791 ιι
213 1713 370 1787 Vesuvii
387 1717 522 1787 montis
546 1714 761 1808 adspectus,
788 1713 953 1809 Pompei,
979 1712 1172 1808 Neapolis,
1198 1711 1270 1787 Pu·

156 1858 189 1905 12
213 1829 323 1920 teoli,
357 1830 463 1900 lacus
492 1825 672 1901 Lucrinus
704 1833 742 1898 et
765 1826 957 1919 Avernus,
991 1825 1122 1921 Baiae,
1155 1825 1269 1899 Mise-

155 1974 188 2021 13
206 1957 317 2032 num,
351 1940 390 2011 id
420 1961 521 2013 nune
550 1939 626 2012 loci
651 1939 848 2034 aliquando
873 1937 1026 2032 Phrygii
1049 1941 1178 2013 militis
1203 1961 1269 2012 no·

97 2139 101 2147 ι
155 2087 188 2134 14
211 2074 314 2145 men,
355 2051 512 2145 Cumae,
546 2050 751 2146 Liternum,
778 2051 983 2124 Volturnus
1009 2056 1147 2146 amnis,
1179 2052 1269 2124 Vol·

155 2196 186 2244 15
212 2173 359 2237 turnum
389 2164 585 2258 oppidum,
618 2185 772 2236 amoena
798 2163 1017 2260 Campaniae
1048 2167 1174 2251 litora;
1212 2166 1269 2238 Si·
1296 2189 1328 2242 u

155 2312 186 2359 ω
211 2298 369 2372 noessa,
396 2276 510 2370 Liris,
544 2277 773 2370 Minturnae,
806 2274 993 2370 Formiae,
1020 2275 1155 2370 Fundi,
1180 2276 1268 2350 'Par-

154 2424 187 2471 17
211 2392 350 2482 racina,
384 2388 511 2462 Circes
538 2389 669 2461 domus
695 2388 892 2487 aliquando
918 2386 1076 2485 Circeia,
1101 2389 1266 2484 Antium,

29 2499 32 2505 ’
154 2539 186 2586 13
210 2502 490 2597 Aphrodisium,
515 2501 658 2597 Ardea,
684 2499 924 2596 Laurentum,
959 2501 1066 2576 Ostia
1092 2505 1183 2575 citra
1206 2501 1267 2575 Ti·

154 2652 185 2699 19
210 2615 327 2688 berim
351 2614 390 2687 in
414 2616 487 2687 hoc
511 2618 627 2686 latere
644 2623 742 2686 sunt.
785 2615 881 2687 ultra
906 2612 1033 2708 Pyrgi,
1058 2614 1168 2710 Anio,
1196 2614 1265 2691 Ca·
1292 2641 1327 2695 re

152 2764 185 2812 20
211 2736 327 2800 strum
352 2749 504 2822 novum,
536 2726 753 2819 Graviscae,
789 2725 900 2831 Cosa,
926 2725 1115 2823 Telamon,
1147 2726 1266 2823 Popu-

150 2876 183 2923 ῃ
210 2843 323 2934 ionia,
351 2841 502 2934 Cecina,
535 2839 657 2935 Pisae,
689 2839 848 2914 Etrusca
872 2851 910 2913 et
934 2843 1018 2914 loca
1043 2851 1081 2914 et
1104 2844 1268 2915 nomina:

57 2952 69 2959 ”
151 2986 184 3034 22
210 2953 344 3027 deinde
368 2951 470 3027 Luna
492 2952 666 3048 Ligurum
691 2962 729 3027 et
752 2953 897 3046 Tigulia
921 2962 959 3024 et
983 2953 1113 3026 Genua
1138 2962 1176 3027 el
1200 2957 1267 3028 Sa·

151 3099 184 3147 aa
209 3067 310 3140 batia
340 3074 381 3154 et
401 3062 685 3139 Albincaunum:
717 3074 794 3138 tum
825 3065 942 3140 Paulo
973 3075 1011 3137 et
1029 3067 1168 3138 Varum
1198 3069 1266 3140 flu-

151 3213 185 3258 24
208 3183 307 3253 mina
332 3186 487 3275 utraque
513 3177 558 3252 ab
574 3179 730 3274 Alpibus
750 3178 913 3272 delapsa,
942 3179 1008 3250 sed
1024 3179 1162 3251 Varum
1181 3182 1267 3276 quia

151 3322 190 3372 rr
207 3293 357 3366 ltaliam
381 3292 462 3364 finit
486 3293 675 3386 aliquanto
698 3294 834 3367 notius.
885 3292 1001 3389 Alpes
1022 3294 1126 3387 ipsae
1143 3292 1188 3365 ab
1206 3293 1265 3363 bis
1293 3318 1327 3371 73

150 3437 184 3483 rr
208 3402 378 3478 litoribus
405 3408 515 3498 longe
540 3407 687 3499 lateque
713 3405 884 3499 diffusae,
911 3406 1029 3500 primo
1055 3406 1102 3477 ad
1120 3416 1266 3500 septen·

149 3548 183 3594 ru
208 3522 364 3591 trionem
388 3539 521 3611 magno
548 3519 661 3611 gradu
687 3526 900 3592 excurrunt:
928 3519 1061 3591 deiude
1086 3518 1151 3591 ubi
1175 3519 1267 3592 Ger·

149 3657 182 3703 aa
207 3633 366 3704 maniam
392 3631 614 3724 adtigerunt,
646 3652 758 3704 verso
783 3635 910 3727 inpetu
936 3635 974 3705 in
1001 3633 1178 3706 orientem
1205 3633 1266 3705 ab·

148 3768 182 3815 rs
208 3752 313 3838 eunt,
346 3743 610 3838 diremptisque
642 3747 793 3839 populis
818 3743 1045 3838 inmanibuS,
1082 3748 1263 3841 usquein

148 3881 181 3926 so
206 3858 397 3930 'sbraciam
423 3865 626 3950 penetrant.

1047 3978 1062 4021 4
