3134 4710
163 409 198 461 11.
219 406 375 471 7‚1-4'l2.
418 421 421 426 -
1232 404 1273 467 55

184 610 195 650 ι
297 578 420 651 Gades
454 582 576 652 insula
609 601 704 672 quae
729 582 892 670 egressis
925 580 1058 650 fretum
1085 578 1195 650 obvia
1220 586 1279 650 est
1307 580 1375 637 29⁷

182 721 196 764 ι
224 691 396 762 admonet
414 700 498 761 ante
515 693 675 784 reliquas
697 692 820 761 dicere
838 712 947 783 qnam
965 694 1004 760 in
1022 691 1153 765 oceani
1172 691 1280 761 litora

183 832 197 875 ι
224 810 473 901 terrarumque
489 804 696 893 circuitum,
718 812 758 873 nt
771 804 876 874 initio
890 804 1141 896 promisimus,
1161 804 1279 875 oratio

182 941 197 984 4
224 916 390 987 excedat
442 937 582 1008 paucae
609 924 695 986 sunt
720 918 756 985 in
775 912 987 1007 Maeotida,
1003 915 1088 989 inde
1104 917 1203 987 enim
1223 916 1279 986 vi-

183 1052 197 1096 ι
225 1028 330 1099 detur
356 1030 694 1100 commodissimum
721 1028 904 1120 incipere;
930 1050 1051 1121 neque
1077 1048 1206 1101 omnes
1226 1032 1279 1100 ta·

182 1158 306 1212 amen
332 1130 555 1232 incoluntur,
583 1162 666 1214 nam
692 1163 738 1212 ne
764 1141 897 1233 pabula
924 1142 1071 1235 quidem
1097 1141 1198 1233 large
1223 1141 1278 1212 fe·

184 1282 197 1324 7
223 1262 323 1325 runt.
370 1253 439 1325 hac
457 1276 496 1325 re
513 1252 764 1330 habitantibus
781 1274 868 1325 caro
885 1274 1099 1346 magnorum
1118 1254 1278 1346 piscium

182 1393 197 1435 ι
224 1367 305 1436 sole
320 1367 460 1438 siccata
478 1376 514 1437 et
532 1368 569 1445 in
586 1364 761 1459 pollinem
783 1388 901 1459 nsque
917 1376 1079 1468 ⁴'contusa
1095 1387 1163 1457 pro
1181 1366 1278 1439 farre

182 1486 293 1550 sest.
339 1500 479 1571 paucae
504 1487 542 1549 et
566 1480 604 1551 in
619 1475 752 1569 Ponto,
779 1476 900 1553 leuce
917 1476 1160 1568 Borysthenis
1178 1479 1276 1549 ostio
1323 1487 1357 1541 98
1411 1487 1414 1493 ’

167 1617 197 1662 ιι
222 1590 377 1681 obiecta,
405 1612 519 1684 parva
544 1589 753 1679 admodum,
780 1596 818 1665 ct
844 1591 942 1685 quod
968 1590 1019 1662 ibi
1036 1588 1200 1663 Achilles
1227 1590 1277 1661 si·

167 1729 196 1771 ιι
223 1713 283 1775 tus
310 1712 369 1775 est
393 1703 558 1777 Achillea
590 1704 822 1794 cognomine.
878 1724 952 1775 non
985 1705 1095 1793 longe
1126 1724 1148 1774 a
1173 1699 1276 1775 Colis

167 1835 198 1881 ιι
222 1815 311 1886 Aria
341 1837 435 1909 quae
461 1814 571 1887 Marti
604 1823 840 1905 consecrata,
876 1824 915 1884 ut
946 1814 1081 1887 fabulis
1109 1814 1275 1903 traditur,

167 1947 198 1992 ιι
223 1929 307 1999 tulit
331 1949 421 2001 aves
447 1949 530 2003 cum
557 1948 699 1999 summa
724 1927 830 1998 clade
846 1927 1120 2001 advenientium
1136 1947 1276 2019 pennas

167 2062 198 2107 14
224 2042 330 2134 qnasi
356 2043 429 2115 tela
453 2042 644 2113 iaculatas.
696 2060 763 2113 sex
790 2047 877 2111 sunt
900 2040 996 2111 inter
1021 2038 1137 2113 Histri
1163 2038 1278 2111 ostia:-
1373 2038 1376 2041 ’

166 2178 198 2223 ιι
223 2174 271 2225 ex
294 2154 354 2224 his
372 2150 493 2227 Peuce
518 2152 711 2225 notissima
736 2159 773 2222 ct
797 2151 966 2225 maxima.
1015 2149 1169 2240 cyrias,
1196 2147 1276 2221 Ma·
1388 2143 1390 2147 ’

166 2250 197 2335 ιι
222 2266 485 2356 riandynorum
511 2262 643 2335 linibus
662 2263 843 2355 proxima,
872 2263 996 2335 urbem
1015 2262 1137 2353 habet,
1166 2281 1278 2365 quam

2 2344 59 2465 'y
167 2407 198 2452 rr
224 2380 308 2470 quia
334 2376 484 2469 Bithyni
508 2378 675 2451 incolunt
702 2373 900 2464 Bithynida
924 2374 1120 2477 adpellant.
1220 2427 1222 2433 ¹

166 2518 198 2564 ιι
239 2502 242 2506 “
296 2490 431 2589 Contra
446 2489 642 2563 Thracium
658 2485 889 2581 Bosphorum
916 2487 1011 2559 duaa
1032 2505 1169 2579 parvae
1192 2506 1273 2579 par-
1320 2502 1354 2555 aa

166 2630 197 2674 ιι
222 2624 346 2696 voque
364 2603 544 2675 distantes
563 2602 686 2694 spatio
700 2608 738 2670 et
750 2598 948 2693 aliquando
961 2597 1123 2673 creditae
1137 2597 1275 2671 dictae·

165 2741 196 2787 ιο
223 2737 295 2809 que
312 2736 535 2788 concurrere
552 2723 590 2785 et
608 2711 790 2803 Cyanitae
808 2719 988 2789 vocantur
1005 2718 1043 2785 et
1058 2711 1276 2805 Symplega-

165 2853 196 2898 ιι
223 2828 302 2901 des.
344 2829 382 2897 in
400 2825 622 2920 Propontide
648 2833 787 2899 tanturn
805 2823 1061 2899 Proconnesos
1077 2823 1273 2895 habitatur.

164 2963 197 3008 ιι
223 2946 326 3013 extra
349 2938 630 3032 Hellespontum
654 2958 781 3009 earum
798 2957 900 3031 quae
916 2935 1090 3010 Asiaticis
1116 2938 1274 3030 regioni·
1303 2945 1354 2999 100

164 3073 196 3119 ιι
222 3054 291 3127 bns
317 3052 487 3127 adiacent
510 3052 738 3127 clarissimae
764 3058 850 3123 sunt
871 3047 1041 3135 Tenedos
1064 3048 1184 3138 Sigeis
1210 3049 1273 3120 ad·
1408 3050 1413 3059 '

164 3188 196 3233 ιι
221 3187 332 3238 versa
363 3164 554 3255 litoribus,
587 3172 625 3235 et
657 3183 732 3255 quo
764 3161 932 3235 dicentur
962 3157 1090 3231 ordine
1119 3160 1163 3229 ad
1190 3182 1274 3252 pro·

164 3303 196 3348 ιι
221 3279 444 3353 munturium
468 3275 579 3348 Tauri
610 3277 744 3346 montis
778 3273 970 3366 expositae
1004 3292 1097 3364 quas
1127 3270 1280 3375 quidam.

163 3417 196 3462 ιι
222 3391 295 3465 dici
324 3400 503 3484 putavere
531 3388 728 3478 Macaron,
763 3387 843 3457 sive
875 3384 975 3479 qnod
1004 3383 1182 3459 fortunati
1210 3384 1274 3457 adv

164 3531 196 3576 ιι
221 3504 368 3577 modum
394 3504 489 3577 caeli
507 3503 652 3593 solique
670 3508 768 3590 sunt,
797 3500 879 3570 sive
898 3497 997 3591 quud
1014 3518 1078 3569 eas
1099 3518 1169 3568 suo
1186 3519 1272 3569 suo

164 3641 195 3686 ιι
221 3637 374 3708 rumque
399 3636 513 3707 regno
531 3613 659 3684 Macar
682 3619 946 3704 occupaverat3
972 3612 1009 3681 in
1026 3608 1168 3681 Troade
1184 3607 1271 3682 Les·
1301 3621 1349 3673 101

163 3751 196 3796 ιι
221 3727 288 3799 bos
314 3735 351 3798 et
373 3730 411 3798 in
429 3749 473 3797 ea
490 3725 757 3818 quinqueolim
778 3720 912 3816 oppida
926 3720 1090 3814 Antissa,
1117 3719 1270 3813 Pyrrha,

163 3863 195 3907 ιο
221 3838 378 3929 limma,
407 3837 641 3926 Methymna,
670 3835 871 3926 Mitylene,
899 3836 936 3905 in
961 3833 1070 3906 Jonia
1095 3833 1208 3904 Chios
1234 3841 1273 3905 et
