3138 4718
153 407 187 461 11.
203 406 356 472 naam.
1226 408 1269 471 33

174 610 186 654 1
214 582 358 655 duobus
384 580 595 651 includitur.
633 582 787 652 alterum
806 579 892 652 Criu
918 588 1092 674 metopon
1117 591 1266 671 vocant,

172 723 187 767 a
215 692 429 767 Carambico
462 692 561 788 quod
591 693 629 764 in
654 692 744 763 Asia
778 692 939 766 diximus
972 717 1038 788 par
1068 704 1106 766 et
1138 694 1266 767 adver·

172 839 188 884 a
215 829 309 900 sum,
337 805 558 880 Parthenion
584 807 750 878 alterum.
807 807 984 901 oppidum
1009 807 1153 881 adiacet
1179 806 1265 879 Cer·

171 920 340 1011 4rhone,
367 940 389 990 a
413 916 544 1011 Diana,
579 919 636 988 sic
660 918 836 1008 creditur,
869 918 1070 1013 conditum,
1097 927 1136 991 et
1159 942 1265 1011 nym-

171 1033 330 1126 spbaeo
363 1051 478 1125 specu
510 1029 609 1125 quod
640 1031 679 1101 in
710 1051 795 1103 arce
825 1033 907 1104 eius
936 1032 1111 1126 nymphis
1143 1054 1264 1105 sacra·

171 1175 187 1219 c
213 1152 289 1216 tum
314 1151 373 1216 est
397 1144 555 1215 maxime
573 1143 747 1214 inlustre.
787 1142 886 1217 subit
910 1152 987 1216 tum
1012 1145 1130 1237 ripam
1150 1164 1266 1239 mare,
1293 1163 1345 1220 24

171 1265 250 1331 iet
282 1255 402 1329 donec
434 1257 597 1350 quinque
628 1256 770 1329 milium
807 1277 986 1351 passuum
1017 1259 1138 1351 spatio
1171 1257 1267 1330 absit
1382 1353 1388 1363 .

171 1400 187 1447 a
212 1393 235 1444 a
258 1368 461 1464 Maeotide,
492 1369 715 1462 refugientia
739 1391 859 1466 usque
884 1370 1115 1465 subsequens
1141 1373 1263 1464 litora,

170 1515 185 1561 e
212 1483 312 1578 quod
336 1483 534 1557 Satarchae
566 1491 604 1555 et
627 1480 774 1555 Taurici
804 1488 932 1556 tenent
962 1504 1080 1577 paene
1106 1486 1264 1557 insulam

154 1624 186 1670 ιο
210 1597 341 1669 redffit.
399 1596 498 1691 quod
529 1597 625 1668 inter
655 1594 834 1667 Paludem
867 1605 906 1668 et
937 1599 1058 1669 sinum
1089 1606 1149 1670 est
1172 1596 1266 1670 Tha·

154 1739 185 1784 11
211 1719 312 1783 terae
342 1710 597 1800 nominantur,
635 1709 740 1781 sinus
768 1707 984 1781 Carcinites.
1041 1711 1079 1780 in
1105 1732 1151 1782 eo
1178 1709 1270 1782 urbs,

154 1851 186 1898 la
211 1833 270 1897 est
295 1822 469 1916 Carcine,
504 1843 611 1918 quam
642 1822 715 1894 duo
740 1822 890 1896 flumina
914 1823 1076 1896 Gerrhos
1103 1831 1141 1895 ct
1164 1821 1265 1918 Ypa-

154 1966 186 2012 ιε
211 1958 316 2010 cares
348 1957 423 2009 uno
455 1938 555 2008 ostio
575 1935 776 2008 effluentia
807 1936 1019 2030 adtingunt,
1055 1958 1185 2010 verum
1210 1938 1264 2010 di-

154 2071 185 2117 u
210 2051 332 2122 versis
357 2044 521 2121 fontibus
549 2056 584 2120 et
610 2048 759 2120 aliunde
785 2048 939 2142 delapsi.
990 2070 1073 2121 nam
1100 2051 1263 2122 Gerrhos

154 2181 184 2229 15
210 2164 305 2235 inter
341 2160 523 2235 Basilidas
569 2169 607 2232 ct
644 2158 830 2233 Nomadas
877 2164 1075 2234 evolvitur.
1144 2165 1308 2236 silvaes

153 2295 184 2342 rs
211 2276 342 2348 deinde
369 2282 455 2347 sunt
485 2296 577 2370 quas
603 2276 783 2345 maximas
809 2275 878 2344 hae
905 2282 1024 2346 terrae
1049 2275 1193 2368 ferunt,
1227 2289 1265 2348 et

153 2408 184 2453 ιτ
209 2388 429 2483 Panticapes
456 2389 519 2483 qui
544 2385 729 2459 Nomadas
755 2386 996 2482 Georgosque
1023 2387 1263 2461 disterminat.

153 2519 184 2565 ra
209 2508 310 2574 terra,
339 2509 416 2573 tum
447 2502 557 2593 longe
590 2499 750 2571 distenta
789 2500 975 2571 excedens
1008 2500 1110 2574 t'enui
1139 2503 1264 2574 radice

152 2616 310 2687 clitoni
342 2614 569 2705 adnectitur,
601 2619 688 2705 post
719 2613 885 2706 spatiosa
916 2612 1063 2685 modice
1087 2617 1267 2708 paulatim.

151 2743 183 2791 ao
210 2749 251 2799 se
276 2729 359 2821 ipsa
383 2726 547 2819 fastigat,
575 2732 613 2795 et
638 2726 745 2820 quasi
769 2726 807 2796 in
829 2745 1043 2797 mucronem
1059 2728 1170 2820 longa
1187 2731 1264 2799 col·

150 2857 181 2903 21
208 2842 327 2934 ligens
353 2842 468 2911 latera
492 2839 590 2910 facie
613 2839 729 2931 positi
746 2840 846 2911 ensis
865 2836 1010 2909 adlecta
1027 2850 1095 2911 cst.
1136 2839 1265 2913 Achil:

150 2971 183 3017 22
208 2956 263 3025 les
296 2955 433 3026 infesta
470 2954 592 3024 classe
630 2973 730 3023 mare
761 2950 955 3024 Ponticum
988 2953 1179 3053 ingressus
1211 2955 1263 3027 ibi

149 3084 183 3131 aa
208 3069 352 3140 ludicro
384 3067 585 3139 certamine
618 3064 827 3138 celebrasse
860 3066 1072 3155 victoriam,
1106 3077 1146 3138 et
1178 3076 1266 3139 cum

149 3198 184 3244 24
208 3180 254 3253 ab
283 3181 394 3252 armis
428 3180 534 3275 quies
567 3187 645 3250 erat
677 3200 718 3249 se
750 3200 794 3249 ac
827 3199 917 3250 suos
946 3200 1056 3249 cursu
1084 3181 1263 3250 exercita·

149 3311 182 3358 a
208 3295 311 3364 visse
336 3300 570 3364 memoratur.
627 3292 711 3363 ideo
745 3278 843 3362 dicta
868 3299 928 3362 est
952 3288 1113 3363 Dromos
1138 3290 1262 3364 Achil·

149 3425 182 3471 es
207 3410 300 3479 leos.
836 3464 839 3469 .

150 3539 181 3587 aa
254 3519 371 3592 ,Tum
396 3517 649 3609 Borysthenes
683 3526 827 3609 gentem
860 3521 919 3588 sui
944 3520 1105 3591 nominis
1130 3520 1258 3613 adluit,
1291 3535 1306 3586 o

148 3654 181 3699 aa
207 3637 302 3706 inter
317 3632 493 3723 Scythiae
518 3653 644 3703 amnes
670 3631 968 3721 amoenissimus,
997 3631 1150 3704 turbidis
1176 3636 1259 3706 aliis

148 3767 181 3813 aa
206 3747 478 3839 liquidissimus
506 3744 645 3835 defluit,
679 3744 858 3837 placidior
883 3765 991 3838 quam
1017 3747 1130 3815 ceteri
1156 3756 1260 3839 pota·

147 3881 180 3926 so
206 3862 311 3953 rique
344 3859 623 3952 pulcherrimus.
686 3859 752 3926 alit
785 3859 987 3929 laetissima
1024 3856 1156 3949 pabula
1186 3881 1260 3932 ma·

1027 3977 1041 4019 3

1559 1116 1561 1203 i
