3134 4710
310 390 353 454 64
1196 397 1243 450 111.
1266 399 1423 463 naam.
1490 462 1497 473 ‚
1533 380 1534 385 '

310 569 530 658 generantis.
573 566 631 637 ab
657 568 716 637 his
741 569 1004 658 promunturiis
1035 570 1073 640 in
1099 562 1364 666 illam'partem
1408 603 1420 645 1
1534 538 1535 633 i

311 699 406 773 quae
443 679 601 752 recessit
631 680 762 771 ingens
795 678 914 752 flexus
952 684 1134 778 aperitur,
1174 685 1212 757 in
1244 707 1364 782 eoque
1407 694 1435 757 2'

311 791 642 864 suntTurdulit
577 799 642 863 vet
643 812 725 864 eres
737 791 1056 888 Turdulorumque
1069 796 1218 890 oppida,
1236 818 1363 871 amnes
1407 827 1422 872 a

309 912 432 977 autem
456 903 633 975 Munda
622 927 661 976 m
685 905 847 978 medium
871 905 950 977 fere
975 907 1095 977 ultimi
1119 919 1292 1000 promunt
1293 910 1365 981 urii
1407 942 1423 986 4

308 1019 405 1088 latus
431 1016 666 1112 effluens,et
652 994 835 1090 tradices
857 1017 1023 1091 eiusdem
1040 1019 1194 1092 adluens
1211 1018 1362 1093 Durius.
1407 1050 1421 1095 s

144 1218 150 1231 ·
228 1143 281 1200 aa
308 1128 412 1201 frons
444 1131 509 1202 illa
538 1131 763 1225 aliquamdiu
801 1134 939 1203 rectam
970 1132 1087 1224 ripam
1117 1132 1241 1204 habet:
1278 1133 1363 1204 dein
1405 1163 1420 1206 a

307 1240 456 1315 modico
480 1243 580 1316 flexu
606 1250 762 1337 accepto
786 1262 875 1317 mox
896 1245 1086 1339 paululum
1107 1245 1259 1318 eminet.
1250 1269 1259 1286 ·
1229 1253 1362 1317 ttum
1405 1272 1419 1316 r
1535 1270 1536 1273 ¹

307 1353 529 1428 reduetat
499 1364 632 1429 lterum
666 1358 874 1452 iterumque
904 1363 1008 1429 recto
1040 1359 1204 1450 margine
1233 1359 1360 1430 iacens
1403 1384 1419 1429 a
1502 1422 1507 1433 .

307 1466 355 1540 ad
379 1470 672 1562 promunturium
696 1468 797 1564 quod
822 1467 1004 1541 Celticum
1027 1490 1208 1542 vocamus
1234 1477 1360 1542 exten·
1404 1494 1420 1540 a
1534 1464 1536 1553 l

247 1598 282 1653 ιο
308 1577 470 1653 diturt
454 1588 569 1654 totam
586 1579 720 1653 Celtici
738 1582 876 1673 colunt,
904 1581 971 1653 sed
987 1604 1010 1654 a
1024 1579 1144 1654 Durio
1161 1582 1209 1654 ad
1225 1583 1360 1655 flexum
1387 1602 1419 1648 lo
1534 1626 1536 1679 7

308 1691 483 1787 Grovii,
480 1694 608 1767 fluunt
593 1703 681 1822 tque
705 1713 773 1787 per
797 1708 864 1765 eos
889 1694 991 1788 Avo,
1025 1692 1203 1787 Celadus,
1230 1692 1358 1789 Nebis,
1387 1714 1445 1759 11·
1535 1686 1536 1725 ³

306 1805 447 1880 Minius
484 1815 523 1878 et
561 1808 622 1877 cui
658 1804 858 1878 oblivionis
897 1827 1102 1900 cognomen
1139 1817 1198 1880 est
1229 1805 1418 1898 Midian

305 1919 424 1990 flexus
455 1920 538 2011 ipse
567 1915 817 1990 Lambriacam
848 1917 975 1992 urbem
1005 1923 1198 2015 amplexus
1228 1922 1361 2016 recipit
1386 1941 1418 1987 rr

246 2051 276 2105 11
305 2032 443 2103 fluvios
468 2028 604 2102 Laeros
634 2040 673 2103 et
696 2028 827 2103 Ullam.
882 2041 1023 2127 partem
1055 2055 1149 2129 quae
1179 2036 1361 2129 prominet
1386 2057 1417 2102 14

179 2229 184 2238 ¹
304 2144 580 2218 Praesamarchi
603 2143 748 2238 habent,
774 2167 913 2240 perque
938 2167 1003 2218 eos
1028 2146 1193 2219 Tamaris
1219 2155 1257 2220 et
1272 2149 1358 2220 Sars
1386 2171 1430 2217 rs<

304 2259 453 2333 flumina
476 2280 550 2332 non
574 2260 685 2352 longe
710 2267 791 2330 orta
808 2257 1018 2350 decurrunt,
1044 2259 1208 2332 Tamaris
1227 2274 1358 2335 secun·
1385 2283 1424 2326 m.

305 2370 392 2444 dum
422 2370 544 2445 Ebora
573 2378 739 2466 portum,
778 2371 867 2444 Sars
899 2372 1003 2444 iuxta
1034 2380 1170 2444 turrem
1199 2372 1358 2465 Augusti
1385 2393 1416 2438 17

304 2486 412 2558 titulo
426 2485 710 2556 memorabilem.
741 2492 991 2579 ceterasuper
1002 2483 1183 2558 Tamarici
1196 2483 1357 2578 Nerique
1384 2508 1416 2553 rs
1537 2566 1538 2577 χ

303 2599 472 2670 incolunt
502 2599 541 2669 in
572 2617 618 2668 eo
644 2604 763 2669 tractu
788 2598 921 2669 ultimi.
976 2598 1155 2670 hactenus
1188 2598 1285 2667 enirn
1310 2597 1356 2668 ad
1383 2619 1415 2663 la
1537 2580 1538 2593 ¹

171 2741 175 2750 ·
244 2726 277 2780 12
305 2710 535 2783 occidentem
560 2731 672 2784 versa
695 2711 804 2782 litora
827 2711 1022 2805 pertinent
1071 2709 1201 2780 deinde
1226 2709 1273 2781 ad
1297 2731 1356 2781 se·
1382 2729 1415 2775 an
1537 2782 1538 2791 χ

303 2823 529 2917 ptentriones
555 2829 635 2894 toto
661 2824 774 2895 latere
800 2832 896 2894 terra
922 2823 1149 2896 convertitur
1172 2818 1356 2894 aCeltico
1380 2843 1420 2903 21v

301 2936 557 3029 promunturio
582 2935 628 3007 ad
653 2935 871 3028 Scythicum
896 2956 1024 3029 usque.
1071 2940 1247 3027 perpetua
1271 2936 1354 3007 eius
1380 2955 1413 3001 22

303 3069 380 3140 ora,
414 3049 488 3118 nisi
512 3045 576 3120 ubi
600 3047 738 3120 modici
767 3068 942 3121 recessus
974 3067 1019 3117 ac
1043 3065 1158 3137 parva
1181 3066 1354 3140 promun-
1380 3067 1413 3114 rr

242 3173 275 3227 13
302 3161 399 3232 turia
425 3168 524 3251 sunt,
552 3159 599 3231 ad
625 3158 825 3233 Cantabros
850 3178 967 3253 paene
990 3166 1095 3229 recta
1119 3165 1188 3228 est.
1246 3159 1284 3231 in
1311 3181 1356 3231 ea
1379 3178 1413 3224 24

300 3276 458 3368 primum
487 3273 631 3347 Artabri
668 3281 755 3344 sunt
787 3272 984 3342 etiamnum
1018 3269 1181 3343 Celticae
1219 3273 1352 3366 gentis,
1380 3288 1412 3335 2⁶
1484 3303 1487 3308 ·

301 3386 433 3459 deinde
464 3388 633 3479 Astyres
691 3387 728 3456 in
758 3380 924 3454 Artabris
942 3424 946 3429 ·
964 3384 1070 3456 sinus
1102 3405 1166 3456 ore
1196 3395 1354 3477 angusto
1379 3401 1413 3449 2⁶
1537 3464 1538 3487 2

300 3498 501 3571 admissum
538 3517 638 3568 mare
674 3517 749 3567 non
786 3503 944 3588 angusto
982 3495 1120 3578 ambitu
1159 3486 1352 3591 ancipiens
1378 3514 1411 3560 2⁷

300 3608 537 3685 Adrobricam
563 3607 689 3680 urbem
720 3616 758 3679 et
788 3617 961 3703 quattuor
985 3611 1145 3682 amnium
1176 3611 1274 3683 ostia
1299 3613 1351 3681 in·
1377 3626 1410 3672 2⁸

301 3728 430 3818 cingit:
460 3725 533 3795 duo
559 3723 669 3820 etiarn
694 3723 789 3795 inter
811 3725 1026 3806 accolentes
1050 3722 1228 3816 ignobilia
1253 3734 1349 3812 sunt,
1377 3738 1410 3783 2⁹
1536 3806 1538 3821 1

300 3861 365 3933 per
388 3839 468 3909 -alia
495 3833 700 3908 Ducanaris
733 3838 812 3910 exit
843 3845 880 3908 et
905 3834 1055 3930 Libyca.
1112 3839 1150 3906 in
1174 3835 1350 3926 Astyrum
1376 3848 1409 3894 ⁸⁰
1536 3828 1538 3837 ’
