3138 4718
163 400 197 454 11.
213 403 237 465 l,
249 401 341 454 10-12
356 402 402 453 Tz.
1234 401 1275 464 35

184 604 196 648 1
223 580 431 669 praestant,
466 578 517 647 ita
548 577 664 669 magis
696 577 923 648 autminus:
956 584 1118 647 ceterum
1145 575 1277 647 iisdem

182 709 351 760 somnes
384 652 552 760 nctiffiet
584 689 639 759 sic
668 698 710 758 ut
741 686 841 759 ablui
873 695 1068 782 nequeant
1123 687 1276 760 Sarthae

181 828 198 872 a
223 802 303 873 auri
334 802 550 895 argentique
580 803 819 873 maximarum
851 803 1013 893 pestium
1044 801 1160 894 ignari
1191 803 1277 873 vice

182 941 199 985 4
223 934 343 986 rerum
370 916 591 987 commercia
615 923 810 1007 exercent,
845 924 955 1009 atquc
987 913 1036 985 ub
1061 935 1175 987 saeva
1198 915 1276 986 bie·

183 1053 198 1098 s
223 1028 293 1099 mis
320 1027 515 1098 admodum
541 1027 739 1121 adsiduae,
774 1027 952 1098 demersis
979 1029 1016 1099 in
1041 1027 1191 1099 humum
1218 1048 1276 1098 se·

182 1166 198 1211 s
224 1141 346 1234 dibus,
375 1162 511 1234 specus
538 1150 601 1212 aut
619 1139 783 1213 suffossa
798 1139 974 1232 habitant,
1002 1148 1120 1213 totum
1136 1140 1276 1212 bracati

184 1275 381 1347 rccrpus‚
429 1263 466 1324 et
503 1253 577 1324 nisi
615 1274 688 1346 qua
724 1253 852 1324 vident
890 1254 999 1325 etiam
1034 1275 1099 1326 ora
1136 1255 1276 1326 vestiti.

183 1366 332 1439 e'l'auri
357 1366 575 1460 Jphigeniae
602 1377 640 1437 et
658 1364 802 1438 Orestis
829 1367 993 1439 adventu
1017 1368 1176 1439 maxime
1199 1388 1276 1439 me·
1304 1358 1393 1434 211'

183 1503 197 1548 2
222 1478 354 1552 morati
380 1482 545 1553 inmanes
565 1489 651 1551 sunt
666 1479 844 1569 moribus,
871 1482 1126 1574 inmanemque
1143 1480 1277 1552 famam

166 1615 199 1660 ιο
222 1594 357 1665 habent
382 1595 504 1665 solere
529 1615 596 1686 pro
622 1594 787 1664 victimis
812 1592 976 1664 advenas
1003 1592 1169 1664 caedere.
1208 1591 1277 1664 Ba·

166 1729 197 1774 11
224 1708 343 1780 silidis
376 1706 421 1777 ab
452 1706 614 1778 Hercule
644 1714 680 1776 et
710 1704 876 1775 Echidna
914 1706 1059 1798 generis
1096 1708 1278 1800 principia

166 1842 199 1888 ι2
224 1828 328 1912 sunt,
360 1842 483 1891 mores
516 1820 626 1912 regii,
662 1840 762 1890 arma
793 1829 934 1891 tantum
965 1822 1132 1914 sagittae.
1190 1821 1277 1913 vagi

166 1957 198 2003 rc
223 1931 408 2005 Nomades
434 1953 611 2026 pecorum
637 1932 770 2024 pabula
794 1942 984 2025 secuntur,
1012 1941 1122 2027 atque
1148 1944 1189 2005 ut
1213 1936 1278 2005 illa

166 2071 199 2115 14
224 2046 354 2117 durant
371 2048 423 2116 ita
439 2045 503 2116 diu
521 2054 652 2116 statam
671 2045 797 2116 sedem
815 2055 939 2139 agunt.
995 2050 1122 2118 colunt
1138 2046 1277 2140 Georgi

166 2180 197 2228 rs
223 2165 470 2253 exercentque
496 2180 619 2251 agros.
660 2158 817 2230 Asiacae
843 2158 955 2229 iurari
983 2160 1070 2253 quid
1098 2161 1147 2230 sit
1171 2161 1275 2252 igno·

166 2291 198 2336 rc
222 2279 315 2343 rant:
340 2270 499 2364 ideoque
523 2292 593 2342 nec
619 2290 687 2341 sna
712 2271 927 2341 custodiunt
950 2293 1021 2345 nec
1044 2272 1165 2344 aliena
1188 2294 1275 2345 con-

166 2406 197 2450 12
222 2385 377 2476 tingunt.

165 2520 197 2565 rs
295 2496 461 2568 Jnterius
487 2497 727 2568 habitantium
754 2498 847 2568 ritus
874 2499 1059 2591 asperior,
1094 2507 1132 2571 et
1157 2499 1275 2570 incul-
1305 2512 1337 2563 12

165 2634 197 2680 19
222 2612 295 2681 tior
325 2612 429 2704 regio
462 2620 531 2681 est.
587 2611 684 2682 bella
713 2610 921 2705 caedesque
946 2620 1088 2705 amant,
1120 2630 1277 2705 mosque

164 2746 199 2792 2ο
223 2733 281 2795 est
306 2722 539 2814 bellantibus
567 2718 734 2795 cruorem
761 2726 842 2795 eius
861 2746 970 2818 quem
989 2726 1147 2818 primurn
1164 2727 1276 2797 inter·

164 2861 197 2906 21
223 2845 393 2929 emerunt
415 2837 508 2930 ipsis
534 2857 582 2908 ex
606 2835 822 2907 vulneribus
849 2835 1006 2909 ebibere.
1051 2841 1277 2932 utquisque

164 2971 198 3018 22
222 2952 348 3043 plures
374 2949 598 3021 interemerit
629 2950 680 3020 ita
704 2950 803 3042 apud
829 2971 895 3022 eos
921 2950 1074 3023 habetur
1098 2953 1274 3036 eximius;

164 3084 198 3131 22
222 3070 384 3135 ceterum
424 3069 613 3154 expertem
657 3081 743 3131 esse
782 3062 906 3133 caedis
945 3063 1041 3133 inter
1079 3064 1277 3155 opprobria

165 3197 198 3243 24
223 3178 283 3246 vel
307 3176 519 3246 maximum.
542 3188 604 3246 ‘ne
628 3174 779 3247 foedera
798 3174 944 3268 quidem
961 3175 1152 3247 incruenta
1170 3184 1272 3259 sunt;

164 3292 392 3362 resaucient
425 3309 467 3362 se
500 3290 563 3383 qui
588 3291 846 3383 paciscuntur⁷
880 3294 1164 3383 exemptumque
1191 3312 1272 3361 san-

130 3426 197 3495 ,22
222 3403 367 3494 guinem
406 3402 469 3472 ubi
493 3388 757 3494 ‘permiscuere
796 3403 1002 3494 degustant.
1071 3401 1110 3473 id
1147 3409 1276 3496 putant
1303 3416 1336 3469 13

164 3537 197 3583 22
221 3527 414 3585 mansurae
440 3513 524 3586 fidei
550 3515 684 3606 pignus
710 3516 968 3588 certissimum.
1025 3517 1121 3587 inter
1145 3517 1274 3609 epulas

164 3636 313 3720 nequet
350 3627 510 3720 quisque
548 3626 774 3699 interfecerit
816 3627 954 3700 referre
996 3629 1201 3701 laetissima
1237 3639 1276 3700 et

164 3758 197 3806 22
221 3739 522 3833 frequentissima
546 3741 702 3831 mentm,
735 3739 906 3833 binisque
931 3743 1078 3834 poculis
1105 3743 1169 3835 qni
1193 3743 1274 3834 plu-

163 3871 196 3915 so
222 3853 335 3922 rimos
360 3854 536 3925 rettulere
561 3861 766 3946 perpotant.
809 3854 842 3924 is
861 3855 1137 3927 interiacentes
1154 3856 1274 3926 honos

1040 3969 1074 4016 a*
