3138 4718
291 361 333 424 48
1195 365 1228 418 11.
1247 368 1273 431 4,
1286 367 1344 419 6-8
1358 368 1405 421 Tz.

291 538 386 608 enim
405 557 645 631 praegressos
664 533 789 606 Piceni
807 537 915 606 litora
931 538 1134 630 excipiunt:
1154 539 1191 609 in
1211 541 1360 634 quibus*
1388 575 1399 617 r
1550 546 1551 627 ξ

289 648 470 741 Humana,
496 649 679 740 Potentia,
705 645 862 741 Clierna,
890 648 1024 742 Cypra
1039 649 1162 744 urbes,
1191 656 1345 726 castella
1385 686 1399 729 6

289 771 409 836 autem
435 761 607 855 Firmum,
634 761 785 856 Hadria,
814 760 1069 834 Truentinum:
1102 765 1139 836 id
1166 767 1201 837 ei
1226 766 1342 839 fluvio
1384 800 1397 844 a

266 879 351 970 qui
389 879 562 971 praeterit
592 897 727 948 nomen
765 881 833 946 est.
898 874 945 946 ab
976 897 1021 948 eo
1055 875 1205 950 Frentra
1238 882 1339 951 villa.
1381 913 1397 954 4

288 992 468 1063 maritima
492 991 626 1062 habent
641 988 792 1061 Aeterni
816 989 977 1060 fluminis
1004 992 1112 1082 ostia,
1140 991 1249 1064 urbes
1269 991 1337 1064 Bu·
1381 1024 1395 1068 s

263 1125 374 1177 ,cara
399 1113 437 1176 et
451 1104 651 1176 Jstonium:
677 1100 798 1172 Dauni
823 1110 943 1173 autem
960 1100 1164 1202 Trifernum
1181 1128 1336 1201 amnem,
1381 1142 1395 1184 6

287 1215 521 1309 Claterniam,
536 1216 740 1310 Lucrinum,
754 1214 916 1286 Teanum
934 1215 1083 1310 oppida,
1101 1225 1336 1313 montemque
1381 1254 1395 1297 r

189 1337 258 1394 666
287 1330 505 1423 Garganum.
563 1332 666 1402 sinus
698 1337 757 1402 est
788 1330 964 1401 contiuuo
988 1330 1112 1423 Apulo
1143 1332 1252 1404 litore
1283 1334 1337 1404 in·
1379 1365 1394 1410 s

286 1445 429 1517 cinctus
462 1447 609 1516 nomine
640 1440 768 1535 Urias,
804 1440 975 1515 modicus
1008 1446 1129 1537 spatio
1161 1447 1337 1541 pleraque
1378 1481 1392 1524 u

259 1627 262 1632 .
285 1579 394 1652 asper
417 1579 589 1649 accessu,
615 1564 721 1629 extra
737 1555 930 1648 Sipontum
956 1563 1021 1626 aut
1044 1563 1088 1628 ut
1104 1555 1191 1629 Grai
1206 1557 1335 1629 dixere
1361 1589 1392 1634 ιο

284 1666 432 1766 '‘Sipus,
465 1681 503 1744 et
526 1672 661 1744 flumen
691 1669 789 1763 quod
816 1665 1017 1741 Canusium
1043 1669 1235 1764 adtingens
1260 1671 1334 1742 Au·
1360 1699 1391 1746 11

284 1784 393 1856 fidum
422 1784 620 1880 adpellant,
651 1790 738 1877 post
762 1779 909 1853 Barium
935 1789 973 1853 et
997 1783 1129 1855 Gnatia
1154 1791 1190 1854 et
1215 1780 1333 1856 Ennio
1360 1813 1391 1860 n

284 1901 368 1971 cive
394 1899 536 1971 nobiles
562 1897 720 1989 Rudiae,
755 1903 793 1966 et
824 1897 895 1965 iam
922 1896 960 1967 in
987 1893 1154 1967 Calabria
1178 1893 1332 1969 Brundi·
1359 1924 1410 1987 1ae

283 2013 395 2106 sium,
435 2011 636 2104 Valetium,
675 2006 854 2101 *Lupiae,
894 2006 1049 2099 Hydrus
1086 2029 1212 2103 mons,
1255 2018 1331 2082 tum
1358 2038 1390 2083 14

282 2124 473 2197 Sallentini
500 2124 617 2217 campi
643 2131 681 2194 et
699 2121 900 2194 Sallentina
924 2123 1031 2192 litora
1058 2126 1095 2190 et
1118 2121 1206 2193 urbs
1232 2125 1332 2216 graia
1358 2152 1389 2197 15

283 2235 486 2331 Callipolis.
847 2282 849 2289 i
1221 2239 1227 2249 '
1358 2265 1389 2309 1e

218 2364 252 2418 66
353 2351 558 2445 Hucusque
583 2348 738 2442 Hadria,
773 2349 966 2442 hucusque
990 2346 1125 2420 Jtaliae
1158 2351 1253 2421 latus
1279 2352 1330 2420 al·
1358 2375 1388 2420 rr

281 2472 397 2536 terum
434 2465 601 2558 pertinet.
661 2462 764 2535 frons
802 2463 882 2534 eius
922 2462 960 2530 in
998 2460 1072 2532 duo
1107 2462 1255 2556 quidem
1288 2484 1330 2533 se
1356 2489 1386 2534 rs

279 2600 437 2672 cornua,
479 2574 576 2650 siout
608 2598 720 2671 supra
758 2576 939 2667 diximus,
980 2575 1129 2647 scindit:
1166 2586 1328 2647 ceterum
1355 2601 1385 2645 re
1476 2664 1479 2668 Δ

278 2712 378 2762 mare
416 2690 516 2786 quod
553 2692 649 2763 inter
680 2697 834 2783 utraque
860 2687 1009 2761 admisit
1040 2688 1210 2760 tenuibus
1244 2709 1327 2780 pro·
1354 2711 1385 2756 66

277 2806 471 2877 munturiis
503 2807 616 2877 semel
649 2806 852 2896 iterumque
886 2802 1116 2897 distinguens
1147 2821 1221 2871 non
1254 2822 1327 2872 uno
1353 2826 1384 2870 21

275 2919 438 3010 margine
475 2919 660 3010 circumit,
700 2938 771 2987 nec
808 2914 982 2988 diffusum
1019 2914 1222 3009 patensque
1261 2913 1327 2984 sed
1352 2938 1384 2982 66

215 3042 250 3096 66
276 3052 342 3123 per
368 3032 471 3104 sinus
497 3033 640 3124 recipit.
682 3031 823 3123 primus
838 3029 1055 3109 Tarentinus
1083 3025 1216 3097 dicitur
1232 3028 1327 3098 inter
1352 3052 1384 3097 aa

276 3145 529 3236 promunturia
559 3144 800 3216 Sallentinum
834 3146 871 3211 et
895 3139 1102 3229 Lacinium,
1137 3139 1174 3208 in
1206 3161 1326 3233 eoque
1351 3165 1384 3210 rr

277 3264 362 3328 sunt
398 3256 598 3347 Tarentus,
644 3255 917 3348 Metapontum,
963 3252 1160 3345 Heraclea,
1197 3250 1323 3345 Crot0,
1351 3278 1383 3323 66

274 3368 463 3442 Thurium:
496 3368 926 3460 secundusScyllaceus
954 3369 1049 3436 inter
1074 3367 1326 3458 promunturia
1351 3391 1383 3437 66

274 3481 461 3557 Lauinium
487 3493 525 3555 et
546 3481 785 3574 Zephyrium,
813 3481 850 3551 in
877 3500 950 3575 quo
977 3488 1036 3550 est
1058 3478 1210 3569 Petelia,
1239 3478 1324 3549 Car·
1350 3504 1382 3549 27

274 3599 393 3690 cinus,
421 3598 667 3689 Scyllaceum,
694 3593 874 3686 Mystiae:
905 3595 1034 3666 tertius
1061 3595 1155 3664 inter
1179 3589 1323 3686 Zephy·
1350 3617 1381 3661 aa

274 3714 365 3782 rium
398 3717 435 3780 et
464 3705 953 3808 Bruttiumssonsentiam,
988 3704 1221 3798 Cauloniam,
1256 3703 1322 3775 Lo·
1349 3726 1382 3769 66
1411 3767 1415 3773 .

274 3843 432 3915 erosque
477 3822 690 3893 circumdat.
760 3824 796 3892 iu
835 3819 976 3892 Bruttio
1020 3830 1105 3892 sunt
1144 3819 1323 3891 Columna
1348 3836 1380 3881 ³0
