3138 4718
503 864 771 950 POMPONII
795 864 979 947 MELAE

723 1048 767 1095 DE

406 1190 1086 1293 OHOROGRAPHIA
1177 1292 1179 1296 Α

175 1415 191 1461 4
387 1440 390 1445 ,
634 1404 730 1458 LIBRI
753 1400 851 1457 TRES.

177 1639 191 1686 r
278 1563 416 1695 Orbis
434 1615 545 1685 situm
566 1612 690 1684 dicere
710 1609 917 1705 aggredior,
944 1610 1159 1706 impeditum
1177 1632 1271 1705 opus
1302 1620 1314 1678 1
1338 1626 1350 1677 1

177 1734 256 1800 eet
290 1726 487 1799 facundiae
519 1726 668 1797 minime
706 1745 825 1818 capax
859 1727 877 1814 (
885 1731 1032 1797 constat
1067 1724 1273 1797 enimsere

178 1868 192 1912 a
219 1842 379 1933 gentium
405 1842 646 1937 locorumque
663 1835 873 1910 nominibus
894 1845 932 1909 et
950 1860 1076 1911 eorum
1094 1840 1273 1933 perplexo

177 1980 192 2025 s
219 1953 311 2023 satis
329 1952 471 2044 ordine,
499 1972 607 2045 quem
628 1951 803 2046 persequi
825 1952 937 2043 longa
954 1960 1012 2022 est
1028 1952 1146 2042 magis
1165 1970 1274 2046 quam

177 2095 191 2140 a
218 2064 374 2158 benigna
398 2063 567 2154 materia)
595 2084 724 2136 verum
742 2063 864 2158 aspici
882 2071 1003 2137 tamen
1022 2066 1274 2158 cognoscique

161 2202 193 2249 ιο
219 2178 487 2272 dignissimum,
515 2183 553 2249 et
578 2176 690 2272 quod,
718 2178 749 2247 si
776 2198 850 2248 non
876 2198 946 2269 ope
963 2178 1101 2270 ingenii
1118 2179 1271 2268 orantis

161 2318 191 2363 11
218 2300 257 2363 at
280 2292 363 2384 ipsa
393 2293 453 2362 sui
478 2289 789 2383 contemplatione
814 2291 970 2383 pretium
997 2310 1131 2384 operae
1156 2298 1272 2361 atten-

161 2403 382 2480 radentium
420 2403 602 2475 absolvat.
667 2403 785 2474 dicam
819 2411 941 2474 autem
973 2405 1067 2474 alias
1098 2404 1205 2497 plura
1236 2410 1316 2474 eta

161 2520 407 2610 nemetim,
448 2539 547 2590 nunc
583 2524 624 2590 ut
663 2537 830 2611 quaeque
862 2524 968 2588 erunt
998 2516 1205 2589 clarissima
1236 2525 1274 2588 et

161 2660 193 2707 14
219 2633 385 2704 strictim.
424 2652 468 2702 ac
492 2631 611 2724 primo
638 2629 785 2726 quidem
812 2652 906 2724 quae
929 2632 979 2702 sit
1001 2630 1119 2704 forma
1141 2632 1272 2725 totius,

161 2764 313 2841 requae
345 2745 528 2815 maximae
569 2751 710 2838 partes,
751 2765 824 2839 quo
856 2745 1025 2837 singulae
1055 2745 1167 2816 modo
1198 2746 1274 2817 sint

161 2886 192 2932 ra
217 2864 330 2951 atque
366 2855 575 2929 habitentur
607 2857 819 2951 expediam,
860 2856 993 2930 deinde
1024 2881 1154 2931 rursus
1187 2879 1272 2930 oras

161 2998 193 3044 ιτ
218 2971 381 3044 omnium
413 2979 450 3041 et
480 2971 590 3047 litora
622 2979 664 3040 ut
695 2971 790 3041 intra
815 2978 990 3066 extraque
1024 2981 1128 3063 sunt,
1162 2979 1275 3065 atque

161 3115 193 3160 ιε
218 3092 259 3155 ut
284 3106 328 3156 ea
362 3082 462 3155 subit
493 3062 538 3155 ac
569 3085 779 3156 circumluit
802 3086 975 3178 pelagus,
1008 3084 1145 3155 additis
1180 3107 1274 3179 quae

161 3228 192 3273 ro
218 3198 255 3269 in
274 3205 403 3269 natura
418 3197 610 3291 regionum
628 3198 907 3291 incolarumque
923 3196 1158 3268 memoranda
1175 3202 1271 3267 sunt.

160 3338 193 3385 ac
217 3311 255 3382 id
282 3332 355 3406 quo
386 3309 536 3383 facilius
569 3311 656 3382 sciri
685 3312 807 3403 possit
839 3317 949 3403 atque
980 3310 1120 3404 accipi,
1160 3312 1272 3403 paulo

159 3451 191 3496 ar
218 3426 328 3498 altius
357 3446 498 3495 summa
524 3432 720 3519 repetetur.

159 3560 193 3609 aa
293 3535 412 3610 Omne
436 3539 549 3630 igitur
573 3538 659 3630 hoc,
687 3536 865 3632 quidquid
889 3545 948 3610 est
967 3539 1027 3610 cui
1045 3535 1170 3609 mundi
1189 3559 1272 3610 cae·
1298 3563 1315 3615 3

159 3673 193 3720 aa
217 3650 319 3744 lique
344 3671 478 3723 nomen
503 3650 716 3743 indidimus,
751 3672 861 3722 tinum
887 3649 925 3722 id
951 3658 1010 3722 est
1035 3659 1072 3724 et
1098 3672 1171 3721 uno
1197 3674 1272 3723 am·

159 3784 193 3832 24
217 3762 296 3835 bitu
323 3786 364 3836 se
395 3773 603 3860 cunctaque
635 3765 878 3859 amplectitur.
934 3763 1100 3857 partibus
1133 3763 1270 3849 differt3

159 3899 193 3947 as
219 3879 317 3950 unde
344 3880 401 3950 sol
426 3881 543 3951 oritur
568 3878 692 3951 oriens
717 3886 950 3973 nuncupatur
974 3885 1038 3954 aut
1054 3886 1170 3972 ortus7
1198 3900 1272 3973 quo

1039 3993 1071 4042 1*
