3138 4718
261 336 322 388 vm

262 516 383 590 versis
401 511 616 587 auctoribus
635 520 832 608 sumptam,
857 533 1013 608 quorum
1029 512 1262 586 nominantur
1278 510 1369 609 Hip·

263 638 435 734 parchus,
455 635 496 727 (3
510 632 576 726 70)
597 634 791 708 Cornelius
811 632 939 730 Nepos
957 634 998 725 (3
1018 632 1211 729 lacteo),
1237 633 1369 707 Hanno

265 757 577 852 Carthaginiensis
604 755 645 846 (3
663 756 712 830 90
730 765 768 829 et
784 754 864 847 st).
915 777 990 829 non
1015 759 1282 852 multumpost
1298 755 1370 830 Ne·
1516 836 1520 841 ,
1554 746 1557 773 ⁴

263 882 364 979 potis
395 888 561 974 tempora
593 880 793 974 scripsisse
818 877 955 951 Melam
986 887 1138 973 apparet
1168 900 1216 951 ex
1247 901 1370 952 narra·

263 1004 364 1077 tione
391 1002 436 1075 de
461 1001 581 1094 Jndis,
608 1002 646 1073 in
671 999 889 1074 Germaniae
914 1002 1023 1073 litora
1046 1001 1208 1097 abreptis
1238 1001 1281 1092 (3
1303 1000 1370 1093 45)

266 1125 327 1200 ubi
351 1125 487 1220 legitur
522 1121 739 1196 «Cornelius
764 1121 912 1218 Nepos,
940 1128 981 1193 ut
1004 1125 1207 1219 recentior,
1243 1132 1370 1196 aucto·

161 1332 166 1345 ι
263 1252 370 1322 ritate
397 1249 454 1321 sic
480 1246 652 1320 certior.»
678 1270 682 1279 ·
706 1228 837 1318 eodem
869 1252 1039 1341 spectat,
1065 1246 1166 1342 quod
1190 1244 1370 1318 Eudoxus

265 1371 431 1469 quidam,
465 1389 550 1441 cum
581 1365 781 1461 Lathyrum
812 1389 939 1462 regem
969 1367 1214 1448 Alexandriae
1246 1366 1370 1463 profu·

265 1501 378 1589 geret,
405 1490 568 1564 Africam
595 1489 934 1584 circumnavigasse
952 1490 1087 1563 dicitur
1114 1511 1289 1585 «avorum
1305 1511 1370 1563 no·

257 1625 426 1692 ‘suorum
456 1612 711 1707 temporibus»
742 1611 782 1702 (3
806 1610 887 1703 90).
914 1609 1149 1688 Ptolemaeus
1182 1614 1280 1685 enim
1305 1607 1371 1685 La·

264 1740 395 1834 tityrus
421 1736 467 1809 ab
492 1757 590 1811 nuno
618 1732 757 1811 lla-81
778 1731 869 1808 aC.
884 1754 920 1807 n.
946 1734 1109 1832 Aegypti
1130 1754 1295 1832 regnum·
1310 1733 1373 1808 ob-

266 1862 389 1934 tinuit.
410 1908 415 1921 „

340 1979 627 2054 Commendatur
649 1976 773 2052 Melae
798 1978 892 2053 liber
915 1980 1194 2077 perspicuitate,
1222 1980 1372 2055 conun-

263 2104 393 2197 nitate,
413 2102 589 2175 ubertate.
627 2102 819 2197 regionum
837 2082 949 2175 situm
966 2103 1021 2176 ita·
1036 2102 1211 2178 describit
1227 2111 1370 2197 auctor,

265 2232 307 2300 ut
329 2226 396 2298 vix
422 2223 580 2308 dubitari
605 2225 741 2322 possit,
766 2223 930 2313 tabulam
948 2228 1233 2323 geographicam
1250 2225 1287 2298 ei
1302 2222 1395 2298 sub·

266 2348 392 2421 oculis
415 2346 547 2420 tuisse.
604 2348 643 2420 in
669 2349 926 2422 enumerandis
954 2351 1186 2443 singularum
1214 2349 1374 2444 partium

266 2468 437 2563 urbibus,
462 2470 608 2565 fluviis,
642 2468 832 2543 montibus
856 2481 930 2545 tam
956 2472 1199 2568 aequabiliter
1223 2480 1262 2544 et
1277 2491 1374 2545 ⁴con·

266 2598 407 2666 stanter
436 2591 627 2686 procedit,
660 2600 701 2664 ut
733 2594 771 2665 in
803 2596 972 2688 angustis
1004 2595 1119 2667 libelli
1152 2595 1211 2665 sui
1240 2591 1373 2665 finibus

262 2715 364 2787 ultra
387 2714 490 2785 mille
514 2721 552 2785 et
576 2716 777 2810 quingente
800 2717 950 2788 nomina
977 2717 1223 2811 geographica
1245 2732 1372 2787 recen-

268 2843 360 2907 seat
402 2836 671 2911 illustrationes
697 2837 908 2931 historicas,
934 2837 981 2910 ad
1000 2859 1076 2910 rem
1093 2836 1286 2931 facientes,
1311 2836 1375 2909 bic

255 2956 345 3029 -illic
370 2956 532 3031 breviter
562 2959 682 3054 addit,
716 2958 993 3055 nonnumquam
1020 2961 1223 3056 prolixiore
1252 2978 1374 3032 narra-

267 3079 382 3152 tione
398 3100 504 3173 usus,
536 3081 702 3153 velutin
727 3082 820 3153 antri
848 3078 1000 3175 Corycii
1026 3079 1179 3176 (172),
1207 3083 1246 3154 in
1265 3080 1375 3155 ddeei

266 3202 402 3273 montis
442 3201 608 3295 (194),
643 3206 680 3274 in
707 3199 918 3276 Britanniae
947 3205 1093 3279 insulae
1131 3204 1178 3295 (3
1202 3203 1276 3295 49)
1313 3203 1375 3277 de·

268 3322 545 3416 scriptionibus.
1353 3368 1356 3373 ·

256 3480 267 3508 ι
339 3444 447 3541 Apud
488 3446 690 3541 scriptores
727 3451 895 3542 veteres,
936 3450 970 3522 si
1000 3447 1160 3525 Plinium
1191 3449 1374 3546 excipias,

266 3565 397 3640 Melae*
420 3587 552 3640 nomen
585 3588 658 3640 non
692 3570 872 3657 occurrit;
909 3570 1011 3644 inter
1039 3573 1260 3668 posterioris
1290 3572 1374 3646 aeri

267 3698 454 3782 auctores,
483 3689 547 3781 qui
572 3690 654 3762 eius
679 3692 902 3771 mentionem
927 3692 1083 3790 iaciunt,
1111 3695 1270 3775 citantur
1291 3693 1374 3768 Ser·

269 3812 375 3902 vius,
408 3808 636 3902 lornandes,
668 3811 914 3913 Freoulpbus,
947 3813 1293 3907 Boccatius(Mela
1318 3815 1375 3889 ed.
