3138 4718
131 342 134 347 ’
272 349 313 412 24
1084 351 1104 405 1.
1127 352 1244 416 rea-
1260 351 1389 415 ruam.

271 530 433 617 septem,
474 523 694 597 Artemisiae
732 544 840 618 opus.
903 534 1004 598 trans
1038 521 1329 600 Halicarnasson
1373 556 1386 600 1

269 636 335 708 illa
366 645 467 710 sunt:
498 637 587 708 litus
616 633 757 729 Leuca,
789 635 897 709 urbes
923 635 1110 734 Myndos,
1140 637 1328 734 Aruanda,
1371 666 1386 711 ι
1553 724 1556 741 Ι

270 746 466 842 Neapolis,
493 749 599 823 sinus
622 748 751 835 ¹Jasius
778 758 815 823 et
836 748 1034 824 Basilicus.
1085 751 1124 823 in
1139 750 1245 825 Jasio
1271 759 1330 825 est
1371 781 1386 825 ι

272 858 467 959 Barcylos.
880 916 882 921 .
1369 892 1386 936 ι

177 992 245 1052 ιιι
345 970 437 1045 Post
470 972 670 1048 Basilicum
707 973 819 1049 Jonia
854 976 998 1070 aliquot
1035 998 1077 1048 se
1114 973 1327 1071 ambagibus
1370 1003 1385 1049 5

271 1087 407 1179 sinuat,
434 1095 471 1159 et
495 1090 653 1183 primum
678 1110 701 1161 a
725 1087 886 1163 Posideo
910 1089 1165 1184 promunturio
1191 1089 1326 1167 flexum
1370 1120 1386 1166 ι

270 1200 450 1271 inchoans
484 1202 600 1295 cingit
632 1206 824 1276 oraculum
852 1201 1036 1295 Apollinis
1068 1201 1208 1277 dictum
1239 1202 1328 1275 olim
1371 1232 1386 1277 ι

270 1308 536 1410 *Branchidae
554 1336 654 1387 nunc
669 1313 839 1407 Didymi;
864 1313 1047 1408 Miletum,
1065 1315 1190 1387 urbem
1211 1334 1328 1409 quon·
1370 1344 1386 1390 ι

274 1425 358 1498 dam
374 1414 516 1501 'Joniae
548 1430 664 1502 totius
696 1428 783 1510 belli
815 1427 995 1522 pacisque
1025 1428 1166 1509 artibus
1191 1428 1328 1522 princi·
1371 1461 1385 1505 ι

271 1560 375 1633 pem,
406 1541 562 1633 patriam
586 1539 751 1614 Thaletis
776 1541 955 1634 astrologi
981 1548 1019 1613 et
1042 1539 1225 1616 Timothei
1248 1561 1329 1615 mu·
1354 1569 1386 1616 ιι

273 1652 344 1745 sici
377 1660 415 1725 ct
440 1653 702 1735 Anaximandri
726 1654 896 1748 physici,
929 1653 1160 1750 aliorumque
1190 1655 1329 1727 civium
1354 1682 1384 1727 ιι

271 1767 411 1839 inclitis
449 1768 607 1861 ingeniis
645 1769 778 1840 merito
809 1768 993 1861 inclitam,
1032 1775 1233 1864 utcumque
1263 1767 1328 1841 Jo·
1353 1795 1385 1840 ιι

270 1880 370 1953 niam
394 1862 548 1952 vocant:
573 1878 700 1952 urbem
717 1879 870 1974 Hippin,
897 1880 1016 1953 amnis
1033 1879 1225 1952 Maeandri
1248 1878 1327 1952 exi·
1353 1905 1385 1951 ιι

271 2001 366 2085 tum,
397 1990 577 2067 Latinium
601 2001 782 2086 montem,
815 1990 1061 2083 Endymionis
1087 2015 1109 2065 a
1133 1990 1252 2086 Luna,
1285 1999 1327 2062 ut
1353 2018 1385 2064 14

210 2129 244 2183 81
271 2103 409 2200 ferunt,
439 2105 601 2205 adamati
626 2105 751 2177 fabula
775 2104 948 2179 nobilem.
1006 2104 1092 2178 dein
1117 2125 1244 2176 rursus
1271 2105 1326 2175 in·
1352 2132 1384 2178 ιι

270 2220 367 2291 flexa
404 2219 520 2311 cingit
561 2218 687 2291 urbem
724 2217 891 2293 Prienem
936 2228 974 2291 ct
1012 2219 1124 2291 Gaesi
1165 2218 1326 2290 fluminis
1353 2245 1385 2291 ιι

271 2334 422 2424 ostium,
448 2351 610 2426 moxque
636 2340 677 2403 ut
700 2333 838 2404 maiore
865 2332 1023 2404 circuitu
1048 2334 1099 2403 ita
1114 2332 1221 2424 plura
1238 2351 1327 2423 con·
1353 2356 1385 2402 ιι

270 2446 453 2540 plectitur.
509 2442 560 2516 ibi
593 2451 652 2515 est
676 2442 892 2517 Panionium
924 2465 1031 2518 sacra
1059 2445 1184 2538 regio,
1217 2449 1255 2514 ct
1279 2443 1327 2517 ob
1353 2471 1384 2519 ιι

141 2572 144 2577 “
271 2558 310 2632 id
348 2579 395 2630 eo
432 2558 580 2629 nomine
618 2557 801 2652 adpellata
840 2559 939 2653 quod
969 2578 1049 2629 eam
1085 2558 1327 2630 communiter
1352 2584 1383 2628 ιι

210 2694 245 2750 ss
270 2668 389 2745 Jones
416 2671 554 2743 colunt.
612 2668 663 2740 ibi
688 2691 710 2741 a
733 2671 924 2766 fugitivis,
959 2675 999 2742 ut
1023 2671 1144 2764 aiunt,
1176 2668 1326 2741 condita
1351 2692 1384 2739 ιι

271 2782 574 2876 (nomenfamae
599 2782 752 2875 adnuit)
777 2783 956 2877 Phygeta.
1013 2783 1065 2856 ibi
1089 2780 1262 2880 Ephesus
1288 2788 1328 2855 et
1350 2807 1382 2853 ιι

269 2896 412 2970 Dianae
454 2898 700 2972 clarissimum
742 2901 935 2992 templum,
981 2896 1079 2991 quod
1116 2895 1324 2970 Amazones
1350 2919 1384 2966 ιι

269 3012 361 3086 Asia
385 3012 527 3107 potitae
560 3032 800 3085 consecrasse
826 3010 1034 3086 traduntur:
1066 3008 1118 3081 ibi
1144 3008 1325 3101 Caystros
1351 3032 1384 3080 ιι

271 3126 406 3198 amnis:
444 3125 495 3197 ibi
525 3123 710 3218 Lebedos,
752 3122 938 3218 Clariique
969 3123 1153 3218 Apollinis
1184 3123 1324 3217 fanum,
1351 3145 1385 3191 ιι

272 3238 371 3335 quod
401 3238 530 3310 Manto
562 3237 726 3311 Tiresiae
757 3237 833 3308 lilia
863 3236 1011 3330 fugiens
1043 3238 1208 3310 victores
1233 3235 1326 3309 The·
1350 3258 1384 3305 ιι

271 3352 447 3425 banorum
478 3350 684 3447 EpigonoS,
720 3356 757 3419 et
786 3348 998 3443 Colophon,
1033 3371 1143 3444 quam
1166 3348 1325 3443 Mopsus
1351 3372 1384 3420 ιι

209 3489 243 3542 ss
272 3466 437 3539 eiusdem
462 3465 613 3537 Mantus
645 3462 742 3533 lilius
774 3464 914 3536 statuit.
972 3471 1010 3535 at
1033 3464 1327 3556 promunturium
1350 3485 1383 3531 ιι

272 3602 346 3676 quo
364 3581 468 3652 sinus
487 3574 684 3667 clauditur,
712 3574 814 3669 quod
834 3578 949 3648 altera
965 3583 1069 3670 parte
1084 3578 1198 3649 alium
1217 3596 1326 3670 quem
1351 3598 1383 3644 ιι

270 3694 513 3785 Smyrnaeum
539 3696 676 3761 vocant
701 3686 827 3780 efficit,
854 3689 1097 3783 angustisque
1116 3687 1325 3765 cervicibus
1350 3709 1382 3755 ιι

271 3808 413 3900 reliqua
438 3800 604 3873 extendit
635 3803 672 3872 in
704 3801 836 3893 latius,
871 3801 946 3875 abit
971 3803 1009 3874 in
1041 3824 1157 3895 paene
1182 3801 1325 3872 insulae
1350 3819 1382 3866 ιι
