3134 4710
291 381 333 444 54
761 356 771 439 s
1033 365 1045 389 ²
1193 363 1410 446 rrae-orl(
1503 393 1507 399 ·

290 554 458 646 flumina,
498 556 606 626 urbes
640 558 844 648 conplexus
877 563 914 624 et
945 556 1036 626 alias
1071 555 1237 648 quidem,
1278 556 1344 627 sed
1389 585 1401 629 1

291 669 504 739 notissimas
521 667 819 765 Valentiam‚4et
844 667 1045 758 Saguntum
1079 668 1178 738 illam
1211 668 1283 738 lide
1308 675 1346 739 et
1387 697 1402 741 ι
1519 730 1522 735 ,

194 800 263 856 293
291 780 473 853 aerumnis
510 779 685 849 inolitam.
751 799 911 871 sequens
948 777 1155 850 Jlioitanus'
1177 779 1349 878 Allonem¹
1387 811 1401 857 a
1483 795 1487 803 ·
1548 760 1553 784 ⁴

289 891 399 964 habet
424 898 462 962 et
486 889 696 963 Lucentiam
722 899 760 962 et
784 891 881 962 unde
907 894 941 962 ei
967 912 1101 962 nomen
1127 898 1184 963 est
1200 891 1343 963 llioem.
1379 925 1402 969 ,ι

290 1005 447 1076 hialam
474 1011 592 1076 terrae
616 1007 734 1097 magis
760 1007 798 1074 in
827 1007 942 1075 altum
967 1013 1072 1096 eunt,
1106 1006 1344 1096 latioremque
1386 1034 1401 1080 a

228 1141 263 1194 94
286 1135 399 1212 ,quam
429 1116 551 1188 fuerat
581 1114 797 1210 Hispaniam
833 1116 985 1187 faciunt.
1048 1137 1177 1186 verum
1203 1115 1253 1187 ab
1285 1115 1342 1186 nis
1385 1145 1400 1190 a

290 1250 385 1321 quae
421 1229 522 1317 diota
558 1237 644 1301 sunt
689 1228 735 1300 ad
772 1229 954 1322 principia
988 1226 1157 1300 BaetIoae
1199 1235 1343 1322 praeter
1385 1257 1400 1301 r

290 1339 543 1435 Carthaginem
569 1364 676 1441 quam
703 1342 778 1415 dux
802 1341 1004 1415 Poenorum
1022 1340 1234 1413 Hasdrubal·
1255 1362 1342 1412 eon·
1385 1370 1400 1415 u

290 1454 382 1526 didit
406 1455 497 1526 nihil
522 1456 755 1529 referendum
781 1463 849 1527 est.
900 1457 938 1527 in
963 1456 1039 1526 illis
1064 1457 1141 1526 oris
1168 1453 1343 1547 ignobilia
1385 1484 1399 1529 a

289 1574 376 1639 sunt
400 1570 536 1663 oppida
561 1577 600 1641 et
625 1590 779 1663 quorum
798 1566 936 1639 mentio
956 1575 1096 1640 tantum
1112 1566 1160 1636 ad
1178 1567 1342 1638 ordinem
1368 1593 1399 1639 lo
1498 1646 1500 1649 ,

288 1681 466 1773 pertinet,
502 1677 591 1773 Urgi
622 1681 661 1750 in
695 1683 777 1752 sinu
811 1699 917 1772 quem
944 1675 1157 1772 Urgitanum
1189 1687 1340 1769 vocant,
1368 1707 1399 1752 11

289 1801 394 1864 extra
418 1793 571 1883 Menae,
599 1792 729 1885 Valeri,
760 1788 956 1885 Maenoba,
983 1792 1141 1882 Malana,
1168 1791 1339 1881 Salduba,
1368 1819 1399 1866 n
1524 1829 1528 1837 ·

229 1903 489 1998 95Laooip1t0‚
517 1903 705 1976 Barbesul.
748 1906 866 1999 aperit
890 1904 1022 1976 deinde
1039 1906 1340 1997 angustissimum
1368 1932 1399 1979 n

289 2019 457 2110 pelagus,
477 2026 522 2088 et
545 2020 712 2111 proxima
737 2007 833 2115 inter
858 2040 899 2089 se
921 2004 1092 2111 Europae
1118 2026 1227 2111 atque
1244 2016 1341 2087 Afri·
1367 2039 1399 2085 ιι

289 2148 356 2204 cae
380 2131 490 2202 litora
511 2138 662 2202 montes·
683 2130 858 2223 efficiunt,
885 2139 927 2201 ut
951 2133 1055 2202 initio
1082 2131 1242 2202 diximus
1269 2129 1341 2202 Co·
1368 2148 1398 2226 ιι

288 2244 434 2314 lumnae
449 2242 636 2336 Herculis,
664 2244 769 2314 Abila
794 2251 831 2315 et
847 2242 993 2337 Calpes,
1022 2250 1174 2337 uterque
1193 2243 1340 2336 quidem
1368 2261 1398 2308 16
1552 2321 1553 2333 p

289 2356 356 2426 sed
382 2354 514 2450 Calpes
540 2359 656 2449 magis
690 2366 726 2427 et
751 2378 869 2449 paene
892 2365 994 2429 totus
1020 2358 1057 2427 in
1081 2378 1181 2428 mare
1206 2358 1340 2449 promi·
1367 2374 1399 2418 1⁷
1502 2431 1506 2437 ,
1552 2352 1553 2369 ³

288 2488 393 2541 nens.
442 2471 475 2539 is
501 2471 631 2540 mirum
655 2470 693 2539 in
717 2470 867 2541 modurn
884 2456 1088 2562 oonoavuS,
1116 2470 1160 2540 ab
1178 2491 1222 2540 ea
1237 2479 1340 2561 parte
1367 2484 1398 2530 1⁸

290 2600 362 2673 qua
395 2588 539 2672 spectat
572 2602 748 2653 occasum
778 2582 938 2653 medium
969 2581 1048 2652 fere
1079 2582 1175 2650 latus
1209 2583 1337 2673 aperit,
1365 2594 1396 2640 1⁰

288 2702 398 2786 alque
423 2693 507 2764 inde
524 2692 703 2785 ingressis
721 2703 823 2767 totus
845 2693 1040 2764 admodum
1057 2693 1208 2786 peruius
1225 2712 1339 2785 prope
1364 2706 1397 2752 2⁰

226 2830 260 2882 aa
288 2813 463 2899 quantum
487 2816 589 2900 patet
613 2829 766 2901 specus3
794 2817 832 2877 et
857 2808 960 2877 sinus
979 2808 1073 2876 ultra
1089 2805 1202 2876 estin
1219 2825 1339 2897 eoque
1363 2819 1396 2866 21
1498 2813 1501 2817 ’

289 2917 452 3010 Carteia,
486 2928 527 2990 ut
558 2920 707 3015 quidam
735 2925 865 3012 putant
896 2917 1095 3011 aliquando
1126 2916 1335 3011 TartessoS‚
1364 2932 1398 2981 ²2

288 3041 325 3103 et
350 3055 458 3126 quam
490 3036 692 3104 transvecti
723 3054 770 3102 ex
795 3031 919 3102 Africa
942 3030 1147 3102 Phoenices
1176 3031 1339 3103 habitant
1363 3047 1396 3094 21³
1463 3108 1467 3113 ,

288 3155 397 3240 atque
424 3128 614 3218 undenos
642 3166 770 3215 sumus
795 3141 1026 3236 Tingentera.
1077 3151 1153 3214 tum
1172 3144 1339 3217 Mellaria
1364 3161 1397 3207 24

287 3265 325 3330 et
350 3256 452 3330 Bello
483 3266 522 3328 et
547 3255 730 3348 Baesippo
762 3277 881 3349 usque
912 3257 959 3327 ad
983 3256 1141 3328 Junonis
1166 3280 1338 3352 promun·
1363 3275 1396 3323 aa

287 3374 422 3442 turium
448 3390 550 3441 oram
573 3368 658 3439 freti
683 3377 852 3463 ooarpat.
897 3369 989 3440 illud
1013 3372 1085 3441 iam
1112 3372 1150 3440 in
1166 3371 1344 3442 nunidem
1363 3388 1396 3434 aa

287 3494 360 3555 tem
393 3491 430 3553 et
464 3500 643 3553 oceanum
674 3481 825 3576 obliquo
857 3484 945 3576 iugo
971 3469 1188 3578 exourrenS,
1228 3491 1395 3577 atquem

287 3599 330 3666 ei»
360 3594 458 3687 quod
495 3595 533 3665 in
564 3594 691 3665 Africa
722 3593 971 3689 Ampelusiam
1011 3617 1095 3668 esse
1127 3597 1336 3669 dixeramus
1362 3615 1395 3660 2⁸

287 3708 501 3799 adversum,
530 3729 602 3801 qua
627 3717 753 3780 nostra
778 3711 891 3780 maria
916 3709 1104 3793 suntlinit
1129 3708 1312 3801 Europen.
1362 3726 1394 3772 m
1465 3796 1470 3804 ι
1552 3730 1553 3743 ’
