3138 4718
167 398 202 453 11.
221 398 246 465 2,
262 400 404 465 11-3,3
419 400 464 454 Tz.
1239 405 1280 467 41

188 604 201 648 1
229 572 417 670 Cioneque
450 528 682 669 referendae,
715 577 779 647 illa
811 578 856 648 ab
882 574 1081 672 *Eretriis,
1099 528 1207 653 ιΙιιιιι
1237 579 1283 652 ab

188 713 202 758 ι
228 686 383 761 Achivis
410 696 519 781 capto
544 686 620 760 Jlio
645 690 890 763 remeantibus
916 691 1049 785 posita

188 828 203 873 a
300 801 393 874 Turn
419 799 666 889 Macedonum
698 804 826 896 populi
853 813 944 899 quot
970 803 1079 878 urbes
1105 805 1281 901 habitant,
1311 819 1381 876 234

188 937 383 1010 cquarum
413 913 535 988 Pelles
574 923 612 988 et
640 917 801 988 maxima
837 925 875 988 et
908 919 1086 992 inlustris.
1148 923 1284 1001 alumni

189 1057 203 1103 a
230 1028 412 1121 efficiunt,
446 1026 637 1122 Philippus
663 1026 840 1101 Graeciae
866 1030 1043 1126 domitor,
1076 1031 1285 1107 Alexander

189 1173 205 1218 e
231 1145 341 1216 etiam
357 1142 481 1221 Asiae.
532 1144 571 1216 in
587 1143 697 1214 litore
713 1142 833 1215 flexus
850 1142 1162 1241 Megybernaeus,
1190 1149 1285 1220 inter

190 1286 205 1330 ι
230 1256 483 1352 promunturia
498 1252 615 1327 Dirim
641 1259 680 1327 et
698 1254 960 1330 Canastraeum
987 1267 1024 1331 et
1049 1267 1196 1352 portum
1221 1262 1285 1356 qui
1391 1352 1393 1356 Ι

51 1460 56 1471 ³
190 1367 380 1462 aChopos
408 1367 543 1440 dicitur
574 1365 684 1439 urbes
709 1367 891 1442 Toronem
921 1377 959 1442 et
982 1368 1205 1462 Myscellam
1231 1379 1284 1446 at·
1389 1367 1393 1375 ’

189 1502 304 1576 oque
336 1481 435 1554 unde
465 1482 537 1576 ipsi
568 1502 702 1557 nomen
733 1489 792 1554 est
822 1482 1088 1577 Megybernam
1118 1486 1283 1579 incingit.

175 1619 207 1665 ιο
233 1594 456 1667 Canastraeo
487 1596 741 1687 promunturio
772 1594 868 1667 Sena
899 1597 1068 1690 proxima
1098 1607 1171 1672 est:
1204 1597 1284 1671 Me·
1308 1608 1346 1667 'aa

175 1729 206 1776 11
233 1705 463 1802 gybernaeus
495 1713 616 1780 autem
648 1708 687 1779 in
717 1706 861 1803 medic,
894 1730 968 1804 qua
996 1717 1093 1783 terra
1117 1711 1181 1783 dat
1204 1733 1285 1805 gre·

176 1845 208 1892 ιι
232 1822 358 1915 mium,
389 1819 536 1892 modice
560 1821 596 1892 in
621 1820 731 1892 litora
754 1821 968 1915 ingreditur.
1019 1831 1182 1898 ceterum
1206 1827 1285 1898 lon·

177 1959 208 2006 ιι
234 1936 291 2028 gis
324 1935 431 2006 etin
462 1935 575 2007 altum
613 1933 776 2006 inmissis
805 1933 982 2008 lateribus
1014 1937 1144 2030 ingens
1176 1934 1286 2010 *inde

177 2064 209 2112 14
233 2044 493 2120 *Thermaicus
529 2047 633 2118 sinus
666 2054 735 2118 est.
790 2049 828 2119 in
860 2067 944 2118 eum
969 2047 1086 2123 Axius
1116 2072 1183 2144 per
1207 2050 1286 2122 Ma·

178 2182 209 2231 rs
234 2159 409 2251 cedonas,
443 2164 480 2230 et
505 2159 577 2229 iam
602 2179 668 2251 per
691 2157 892 2231 Thessalos
917 2157 1087 2233 *Peneus
1114 2160 1287 2235 excurrit

180 2296 210 2344 re
235 2280 320 2345 ante
335 2270 469 2344 Axium
485 2269 748 2343 Thessalonice
772 2278 845 2343 est:
871 2272 966 2345 inter
983 2279 1176 2366 utrumque
1196 2271 1287 2346 Cas·
1308 2263 1311 2269 ’

179 2413 211 2457 ιι
237 2383 398 2477 sandeia,
431 2383 575 2476 Cynda,
609 2385 757 2477 Aloros,
791 2382 927 2455 Jcaris:
959 2407 981 2457 a
1004 2382 1127 2459 Peneo
1153 2385 1200 2458 ad
1224 2386 1289 2458 Se·

181 2522 212 2569 ιι
236 2497 346 2594 piada
371 2496 537 2591 Corutra,
571 2494 768 2589 Meliboea,
800 2496 1002 2570 Castaneas
1027 2521 1136 2593 pares
1164 2499 1210 2571 ad
1234 2499 1308 2600 fag

180 2638 210 2683 ιι
236 2632 331 2684 mam
363 2610 437 2711 nisi
477 2609 577 2706 quod
608 2609 833 2683 Philoctetes
866 2613 1036 2683 alumnus
1068 2610 1290 2686 Meliboeam

179 2746 211 2794 ιο
237 2725 440 2797 inluminat.
483 2731 601 2794 terrae
625 2723 820 2795 interiores
847 2716 956 2795 claris
982 2726 1148 2796 locorum
1172 2726 1290 2797 nomi·
1316 2738 1351 2791 aa

179 2859 212 2906 ιι
237 2835 346 2910 nibus
371 2835 535 2928 insignes
562 2855 679 2927 paene
711 2834 801 2906 nihil
830 2833 991 2928 ignobile
1016 2835 1151 2907 serunt.
1206 2836 1290 2909 hinc

179 2973 212 3019 ιι
237 2971 312 3024 non
342 2952 452 3043 longe
491 2954 549 3019 cst
581 2946 785 3041 OlympuS,
824 2947 886 3018 hic
919 2943 1047 3019 Pelion
1084 2949 1145 3020 hic
1178 2948 1289 3037 Ossa,

180 3083 213 3130 ιι
238 3072 382 3135 montes
415 3063 602 3156 gigantum
631 3061 756 3133 sabula
787 3061 958 3154 belloque
987 3063 1191 3133 memorati:
1229 3062 1290 3133 hic

180 3198 214 3246 ιι
239 3175 430 3250 Musarum
454 3197 586 3269 parens
613 3175 818 3267 domusque
841 3172 975 3245 Pieria:
1001 3174 1059 3245 hic
1084 3174 1290 3247 novissime

181 3310 214 3358 ιι
240 3293 421 3365 calcatum
446 3291 548 3382 graio
564 3288 717 3361 Herculi
743 3290 864 3358 solum
891 3289 1008 3358 saltus
1027 3286 1204 3358 Oetaeus:
1229 3287 1290 3358 hic

182 3422 214 3469 ιι
240 3424 346 3476 sacro
371 3423 520 3476 nemore
544 3400 681 3474 nobilia
705 3398 856 3493 Tempe:
881 3400 941 3471 hic
966 3398 1135 3472 Libethra
1159 3401 1288 3473 carmi·

182 3536 214 3582 ιι
239 3537 326 3588 num
358 3514 494 3588 fontes.
552 3513 699 3595 obiacet
727 3522 804 3584 tum
835 3513 908 3583 iam
933 3521 1040 3584 vaste
1073 3520 1110 3584 et
1133 3515 1288 3585 multum
1315 3522 1349 3574 37

182 3651 215 3699 ιι
239 3630 449 3722 prominens
468 3628 635 3718 Graecia,
663 3634 701 3698 et
727 3625 813 3698 dum
832 3623 1021 3717 Myrtoum
1048 3628 1201 3720 pelagus
1227 3626 1289 3697 ad·

182 3766 215 3814 ιι
240 3743 357 3835 tingat
381 3764 404 3813 a
428 3742 676 3836 septentrione
702 3742 740 3812 in
764 3739 952 3811 meridiem
978 3748 1100 3833 vesta,
1133 3761 1205 3833 qua
1232 3743 1290 3811 sol

183 3878 215 3925 ao
241 3856 356 3928 oritur
387 3855 562 3947 Aegaeis,
596 3875 668 3947 qua
698 3852 836 3924 occidit
866 3849 988 3925 Joniis
1020 3850 1191 3924 fluctibus
1225 3847 1289 3922 ob·
