3138 4718
167 359 170 363 ¹
279 395 321 459 ιι
1095 404 1114 456 1.
1129 403 1246 468 1s,4-
1261 403 1389 468 lauru.

280 572 370 664 quio
387 593 488 672 *nune
514 572 736 645 dimissam
768 594 811 644 se
836 575 1034 647 confestim
1060 579 1244 649 exanimat
1268 600 1331 653 na·
1375 609 1387 651 1

184 693 196 750 1
217 698 251 750 τι
278 690 362 756 tura
384 683 583 780 fabulaque
598 685 866 758 memorandus.
918 687 992 758 duo
1010 689 1143 762 deinde
1159 711 1330 784 promun·
1374 717 1389 760 ι

158 787 159 790 '
278 798 377 869 turia
400 807 494 870 sunt
510 798 712 899 Sarpedon,
740 799 825 872 ‘finis
851 801 1047 894 aliquando
1072 806 1176 896 regni
1201 805 1331 898 Sarpe-
1364 832 1388 876 ι

278 910 405 1005 donis,
437 915 477 982 et
509 913 609 1007 quod
632 911 803 985 Ciliciam
835 935 858 985 a
889 911 1113 1008 Pamphylia
1138 915 1331 1010 distinguit
1373 943 1388 987 ι

276 1023 527 1120 Anemurium,
540 1026 721 1120 interque
745 1047 790 1098 ea
814 1022 1051 1099 *Celenderis
1078 1036 1117 1100 et
1139 1026 1328 1122 *Nagidos
1372 1053 1387 1099 ι

276 1136 481 1209 Samiorum
515 1139 702 1225 coloniae3
746 1140 814 1212 sed
852 1136 1090 1214 *Celenderis
1128 1141 1330 1235 Sarpedoni
1372 1168 1387 1213 e

276 1248 437 1344 propior.
855 1247 861 1276 ²
1373 1279 1387 1322 ι

216 1377 250 1430 ra
349 1361 399 1436 Jn
429 1361 648 1457 Pamphylia
678 1373 735 1436 est
765 1365 887 1439 Melas
923 1368 1145 1461 navigabilis
1177 1368 1327 1462 fluvius,
1371 1394 1387 1439 ι

277 1475 453 1569 oppidum
472 1477 560 1549 Sida
583 1485 621 1550 et
645 1480 737 1550 alter
752 1479 890 1551 fluvius
907 1477 1156 1572 Eurymedon.
1198 1500 1330 1578 magua
1364 1505 1386 1551 ι

276 1589 376 1683 apud
407 1611 492 1663 eum
518 1590 684 1664 Cimonis
707 1591 987 1666 Atheniensium
1016 1594 1122 1666 duois
1148 1594 1328 1667 adversus
1355 1616 1386 1662 ιι

168 1776 172 1783 ,
275 1700 482 1776 Phoenicas
508 1712 547 1776 et
562 1704 696 1778 Persas
721 1709 866 1778 navalis
890 1727 1013 1800 pugna
1038 1716 1148 1803 atque
1172 1708 1329 1781 victoria
1355 1728 1386 1773 ιι

275 1817 358 1888 fuit.
399 1840 500 1890 mare
525 1840 600 1911 quo
624 1827 824 1914 pugnatum
851 1827 981 1893 estex
1007 1821 1108 1894 edito
1134 1821 1329 1895 admodum
1355 1842 1386 1887 ιι

277 1930 374 2001 colle
398 1937 613 2023 prospectat
627 1929 838 2026 Aspendosr,
866 1954 974 2027 quam
1000 1935 1128 2026 Argivi
1154 1933 1329 2006 condide·
1355 1955 1386 2001 ιι

215 2054 249 2107 79
276 2049 377 2134 rant,
417 2042 622 2135 possedere
654 2044 808 2116 finitimi.
841 2043 1003 2126 ⁸deiude
1034 2047 1099 2118 alii
1130 2046 1204 2120 duo
1235 2047 1329 2119 vali·
1355 2067 1388 2115 ιι

277 2153 422 2227 dissimi
446 2156 551 2228 fluuii
577 2156 731 2230 Cestros
762 2167 799 2231 et
825 2156 1052 2236 Cataractes:
1087 2158 1239 2233 Cestros
1264 2179 1329 2230 na·
1355 2184 1388 2233 15

276 2268 395 2360 vigeri
419 2267 561 2362 facilis,
592 2270 653 2343 hio
686 2273 773 2366 quia
804 2293 846 2343 se
874 2273 1094 2366 praecipitat
1116 2274 1168 2345 ita
1195 2273 1329 2345 dietus.
1356 2294 1388 2341 ro

276 2385 371 2455 iuter
396 2404 462 2455 eos
487 2382 609 2476 Perga
631 2392 690 2456 est
715 2385 903 2480 oppidum,
931 2394 969 2459 et
983 2385 1125 2461 Dianae
1151 2410 1259 2484 quarn
1285 2387 1330 2459 ab
1356 2406 1387 2453 ιι
1480 2424 1487 2435 ·

276 2496 417 2589 oppido
433 2494 632 2589 Pergaeam
656 2506 795 2570 vocant
818 2501 1005 2592 templum.
1056 2510 1157 2571 trans
1178 2500 1330 2572 eosdem
1356 2517 1387 2563 ιι

276 2628 384 2679 mous
416 2608 647 2682 Sardemisos
687 2618 726 2680 et
756 2608 922 2682 Phaselis
953 2630 976 2679 a
1005 2607 1142 2703 Mopso
1181 2610 1387 2682 conditore

276 2720 360 2793 linis
385 2720 636 2816 Pamphyliae.
1142 2812 1143 2817 Ἰ
1353 2743 1386 2789 ιι

216 2845 251 2898 80
349 2832 468 2926 Lycia
483 2827 673 2929 continuo,
701 2837 958 2930 cognominata
974 2859 998 2908 a
1012 2835 1115 2928 Lyco
1131 2856 1219 2928 rege
1236 2834 1330 2908 Pan·
1354 2855 1386 2901 ιι

277 2950 398 3022 dionis
424 2950 513 3041 filio,
547 2958 671 3044 atque,
698 2956 739 3020 ut
763 2950 898 3044 ferunt,
929 2950 1104 3023 infestata
1127 2952 1216 3023 olim
1243 2946 1330 3021 Chi·
1353 2968 1387 3015 ιι
1518 2944 1523 2951 ’

276 3085 422 3136 maerae
448 3062 608 3156 ignibus,
635 3060 746 3134 Sidae
761 3070 871 3156 portu
893 3071 931 3135 et
947 3061 1059 3135 Tauri
1075 3065 1330 3157 promunturio
1354 3082 1388 3131 ιι
1496 3084 1500 3090 ·

215 3193 248 3246 a1
277 3177 449 3270 grandem
487 3176 608 3247 sinum
645 3174 795 3246 claudit.
855 3175 999 3248 Taurus
1038 3177 1120 3271 ipse
1157 3175 1202 3248 ab
1238 3175 1329 3248 Eois
1354 3184 1391 3244 ιι

275 3288 445 3361 litoribus
482 3309 687 3382 exsurgens
728 3295 836 3361 vaste
879 3292 969 3361 satis
1008 3290 1202 3362 attollitur:
1245 3290 1329 3362 dein
1354 3307 1387 3355 ιι

277 3400 407 3472 dextro
431 3403 546 3473 latere
571 3402 619 3472 ad
644 3402 946 3495 septentrionem,
973 3405 1126 3475 sinistro
1149 3403 1196 3474 ad
1221 3404 1329 3476 meri·
1354 3410 1403 3468 ιι·

277 3512 375 3584 diem
399 3534 534 3586 versus
565 3516 595 3586 it
619 3516 658 3586 in
681 3515 914 3589 occidentem
938 3523 1063 3589 reotus
1089 3524 1127 3590 et
1149 3526 1332 3611 perpetuo
1353 3532 1386 3578 ιτ

276 3628 379 3722 iugo,
405 3645 693 3721 magnarumque
718 3629 880 3720 gentimn
907 3649 980 3723 qua
997 3628 1148 3703 dorsum
1164 3631 1243 3725 agit
1258 3639 1330 3702 ter·
1354 3646 1388 3692 ιι

276 3744 416 3836 miuus,
449 3741 512 3815 ubi
537 3749 653 3814 terras
678 3741 814 3814 dirimit
844 3743 922 3814 exit
946 3745 984 3816 in
1009 3746 1175 3838 pelagus.
1231 3743 1329 3814 idem
1354 3759 1386 3806 ro

278 3863 400 3929 autem
426 3863 464 3927 et
488 3859 604 3949 totus,
632 3860 673 3925 ut
698 3850 820 3927 dietus
847 3862 918 3950 est,
946 3854 1094 3949 dieitur,
1120 3857 1230 3929 etiam
1256 3874 1329 3948 qua
1353 3874 1386 3922 ιι
