3138 4718
158 412 191 465 11.
212 413 236 477 a,
250 412 308 465 ar
323 413 368 465 rz.
1232 417 1272 479 37

177 617 189 660 1
220 588 365 659 adtollit
389 587 579 673 Haemona
605 597 641 658 et
664 586 876 680 Rhodopem
900 595 937 658 ct
955 585 1128 676 Orbelon,
1156 591 1273 661 sacris

178 728 192 772 r
218 698 338 772 Liberi
364 702 477 794 patris
504 709 541 771 et
558 707 667 771 coetu
685 696 918 792 Maenadum,
949 697 1099 793 Orpheo
1116 703 1273 793 primum

178 845 193 888 a
220 815 406 905 initiante,
440 814 658 885 celebratos.
719 834 739 882 e
769 814 852 907 quis
878 812 1043 885 Haemos
1069 817 1106 884 in
1133 821 1273 888 tantum

177 953 194 998 4
218 927 422 998 altitudinis
450 925 536 1017 abit,
565 933 606 995 ut
622 923 806 997 Euxinum
828 932 865 997 et
882 924 1045 997 Hadrian
1063 948 1109 997 ex
1128 949 1270 999 summo
1370 919 1373 925 ’

178 1065 192 1110 s
218 1041 358 1111 vertice
385 1040 567 1110 ostendat.

177 1179 192 1222 r
290 1148 371 1223 Una
396 1173 486 1245 gens
504 1151 663 1223 Thraces
689 1150 863 1242 habitant,
892 1153 975 1222 aliis
993 1154 1151 1248 aliisque
1169 1178 1271 1248 prae·
1301 1173 1370 1228 tra

167 1292 191 1335 r
218 1265 284 1337 diti
316 1272 354 1336 ct
378 1266 585 1338 nominibus
620 1274 656 1336 et
680 1265 855 1336 moribus.
913 1267 1058 1360 quidam
1090 1268 1161 1339 feri
1188 1267 1275 1341 sunt

177 1405 192 1449 a
218 1384 255 1449 et
278 1380 503 1472 paratissimi
530 1378 581 1449 ad‘
600 1384 768 1468 mortem,
796 1378 911 1449 Getae
930 1381 1068 1473 utique.
1115 1381 1152 1451 id
1170 1385 1274 1454 varia

178 1515 192 1562 a
218 1493 345 1585 opinio
377 1492 534 1585 perficit3
567 1492 630 1562 alii
661 1492 842 1565 redituras
875 1500 1005 1584 putant
1035 1495 1177 1565 animas
1209 1496 1272 1567 ob-

161 1629 192 1674 ro
218 1607 394 1697 euntium,
422 1606 486 1676 alii
513 1606 584 1675 etsi
601 1626 675 1674 non
693 1604 844 1674 redeant
860 1626 934 1675 non
952 1607 1118 1698 extingui
1136 1592 1271 1699 tamen,

161 1742 192 1787 11
219 1717 285 1790 sed
310 1718 355 1788 ad
381 1716 545 1789 beatiora
570 1717 737 1808 transire,
771 1718 834 1786 alii
866 1719 981 1789 emori
1008 1719 1167 1813 quidem,
1205 1722 1272 1792 sed

161 1860 191 1904 rr
218 1831 256 1901 id
292 1833 425 1904 melius
464 1852 551 1903 csse
590 1851 698 1924 quam
737 1831 877 1900 vivere.
939 1832 1062 1925 itaque
1101 1835 1273 1925 lugentur

161 1975 191 2020 re
218 1944 314 2037 apud
341 1944 521 2038 quosdam
547 1944 742 2036 puerperia
759 1945 907 2037 natique
926 1944 1116 2038 deflentur,
1144 1946 1272 2019 funera

161 2086 192 2133 14
218 2065 346 2129 contra
371 2058 467 2130 iesta
492 2065 591 2150 sunt,
627 2066 664 2128 et
689 2058 806 2129 veluti
839 2079 944 2128 sacra
976 2068 1084 2131 cantu
1112 2062 1271 2154 lusuque

161 2199 191 2245 rs
218 2170 462 2242 celebrantur.
525 2192 572 2242 ne
604 2170 750 2242 feminis
790 2170 937 2264 quidem
970 2173 1094 2263 segnis
1127 2174 1270 2245 animus
1301 2196 1332 2247 ro

161 2319 191 2362 ις
218 2291 287 2355 est.
344 2305 454 2378 super
477 2291 703 2356 mortuorum
729 2286 892 2355 virorum
925 2304 1080 2377 corpora
1112 2287 1269 2357 interfici

130 2468 134 2476 .
162 2428 193 2473 ιτ
219 2387 402 2491 simulque
429 2400 582 2493 sepeliri·
603 2406 732 2470 votum
757 2400 932 2471 eximium
955 2397 1101 2490 habent,
1130 2408 1167 2470 et
1185 2402 1272 2493 quia

161 2541 192 2586 ra
217 2513 343 2606 plnres
376 2511 484 2581 simul
520 2512 676 2603 singulis
708 2518 844 2605 nuptae
878 2518 985 2602 sunt,
1019 2512 1126 2582 cuius
1160 2511 1197 2583 id
1223 2513 1272 2582 sit

161 2655 191 2700 19
218 2624 331 2696 decus
351 2625 448 2718 apud
466 2625 693 2696 iudicaturos
711 2646 843 2717 magno
862 2628 1059 2696 certamine
1074 2624 1270 2696 adfectant.

159 2765 191 2811 ro
217 2739 378 2809 moribus
406 2738 512 2808 datur
537 2746 666 2832 estque
690 2740 848 2809 maxime
866 2739 1015 2831 laetum,
1044 2760 1127 2810 cum
1145 2740 1182 2809 in
1199 2738 1271 2809 hoc

159 2878 190 2923 rr
218 2850 450 2921 contenditur
482 2851 643 2922 vincere.
700 2859 864 2923 maerent
895 2852 992 2921 aliae
1024 2851 1200 2941 vocibus,
1234 2860 1272 2922 et
1298 2865 1332 2916 20

159 2988 191 3034 aa
217 2984 300 3035 cum
326 2962 574 3034 acerbissimis
606 2964 812 3055 planctibus
848 2961 1015 3034 efferunt.
1072 2962 1269 3056 atquibus

159 3101 190 3146 aa
217 3078 401 3147 consolari
427 3072 515 3145 *eas
533 3076 675 3147 animus
694 3081 764 3168 est,
791 3096 892 3145 arma
910 3096 1075 3169 opesque
1094 3076 1268 3166 adroges

158 3213 191 3258 24
217 3190 396 3280 deferunt,
416 3189 617 3281 paratique,
637 3196 687 3258 ut·
696 3189 875 3281 dictitant,
902 3209 985 3260 cnm
1002 3188 1079 3259 fato
1098 3191 1266 3274 iacentis,

158 3327 191 3376 aa
217 3304 250 3373 si
276 3303 443 3373 daturin
468 3323 612 3394 manus,
639 3304 701 3371 vel
726 3302 867 3393 pacisci
884 3304 944 3372 vel
968 3299 1177 3389 decernere,
1206 3299 1267 3372 ubi

157 3440 189 3484 aa
216 3438 285 3486 nec
311 3435 454 3507 pugnae
480 3435 550 3484 nec
580 3415 759 3506 pecuniae
790 3416 897 3484 locus
931 3415 998 3506 sit,
1030 3419 1177 3485 manent
1202 3413 1266 3484 do·

157 3550 189 3595 27
215 3528 332 3597 minas
358 3528 474 3619 proci.
525 3532 704 3619 nupturae
730 3526 893 3617 virgines
919 3548 994 3597 non
1017 3526 1265 3620 aparentibus
1294 3547 1325 3599 21

157 3663 189 3709 aa
216 3640 306 3713 viris
334 3639 541 3729 traduntur,
575 3640 639 3710 sed
666 3640 812 3733 publice
844 3648 908 3710 ant
937 3643 1105 3713 locantur
1130 3640 1265 3712 ducen-

157 3775 191 3822 rc
216 3751 284 3824 dae
309 3758 372 3821 aut
396 3763 568 3823 veneunt.
621 3760 739 3823 utrum
763 3752 825 3822 fiat
841 3774 888 3823 ex
905 3754 1031 3845 specie
1049 3760 1086 3824 et
1102 3752 1264 3824 moribus

157 3887 190 3931 ao
217 3887 329 3938 causa
361 3873 429 3937 est.
487 3862 621 3956 probae
652 3864 910 3957 formosaeqne
944 3866 981 3936 in
1014 3868 1131 3955 pretio
1165 3875 1261 3958 sunt,
