3138 4718
162 406 390 473 irus-nm.
889 463 893 469 ,
1057 372 1063 383 ’
1153 459 1157 465 .
1236 410 1277 472 ts

182 581 294 653 1·lioo
326 585 412 652 sunt
441 582 521 652 noti
550 562 678 652 ¹amnes
704 579 882 652 Erasinus
914 588 1024 675 atque
1049 581 1214 654 Jnachus
1240 592 1278 654 et

181 720 195 764 ι
221 699 348 764 notum
381 691 557 787 oppidum
582 690 717 785 Lerne,
750 695 788 764 in
814 690 999 765 Laconico
1027 692 1209 785 Cynthius
1239 703 1277 766 et

180 803 400 899 sEurotaS,
440 807 479 878 in
517 806 600 900 ipso
631 804 798 878 Taenaro
831 804 992 900 Neptuni
1031 810 1207 900 templum
1240 816 1278 879 et

180 948 196 992 4
222 941 377 1013 specus,
411 920 465 990 illi
498 939 606 1012 quem
639 920 676 988 in
700 917 819 989 Ponto
846 919 1089 991 Acherusium
1116 919 1275 991 diximus

181 1031 318 1107 sfaeie
350 1039 389 1105 et
419 1027 543 1102 fabula
576 1031 727 1122 similis,
761 1032 798 1101 in
824 1031 984 1104 Asinaeo
1010 1032 1144 1104 flumen
1169 1030 1276 1103 Paui-

180 1176 195 1220 e
222 1166 323 1237 sum,
357 1144 394 1214 iu
422 1140 640 1236 Cyparissio
664 1141 838 1235 Alpheus.
897 1164 1030 1218 nomen
1064 1145 1164 1216 dedit
1189 1144 1274 1217 urbs

181 1287 195 1332 ι
221 1259 258 1330 in
282 1257 392 1329 litore
419 1258 503 1351 sita,
537 1258 622 1328 huic
648 1255 887 1349 Cyparissae,
918 1260 973 1329 illi
997 1259 1124 1331 Asine.
1175 1259 1274 1332 Mes·
1302 1281 1390 1360 ιιι

180 1399 195 1442 ι
221 1371 316 1442 senii
340 1369 512 1463 Pyliique
538 1377 654 1441 terras
681 1372 808 1442 colunt
832 1378 870 1443 et
895 1372 977 1464 ipsa
1002 1374 1137 1465 pelago
1159 1370 1274 1462 Pylos

179 1513 194 1557 ι
220 1482 375 1555 adiacet.
427 1481 596 1576 Cyllene,
630 1480 836 1577 CallipoliS,
870 1478 1022 1555 *Patrae
1048 1504 1149 1555 oram
1174 1484 1274 1555 illam

163 1624 195 1668 ιι
221 1603 345 1668 tenent
370 1597 407 1667 in
438 1617 546 1694 quam
573 1594 795 1667 Chelonates
828 1604 866 1668 et
888 1594 1033 1669 Araxos
1058 1606 1271 1689 excurrunt,

164 1735 193 1782 ιι
221 1709 287 1782 sed
312 1707 470 1801 Cyllene
494 1709 592 1806 quod
616 1708 842 1781 Mercurium
872 1708 923 1779 ibi
948 1715 1073 1781 natum
1098 1708 1273 1782 arbitran-

163 1850 195 1896 ιι
219 1829 278 1895 tur
315 1823 486 1916 insignis.
540 1818 683 1892 'Rhion
722 1821 875 1915 deinde,
914 1824 1026 1894 maris
1065 1823 1102 1895 id
1140 1845 1273 1898 nomen

163 1942 296 2030 racst,
334 1943 490 2029 anguste
522 1941 559 2004 et
589 1937 693 2006 velut
723 1934 820 2008 freto
853 1936 1070 2016 latus.orae
1104 1939 1271 2032 sequenti

164 2071 194 2117 ιι
220 2048 387 2120 incidens
422 2049 517 2119 inter
541 2048 696 2120 Aetolos
729 2056 767 2120 et
789 2047 1127 2141 Peloponnesiacos
1154 2071 1272 2145 usque

163 2182 194 2228 ιι
218 2161 265 2233 ad
301 2160 472 2233 Jsthmon
509 2162 693 2255 inrumpit.
753 2162 791 2232 in
829 2183 875 2233 eo
913 2161 960 2232 ad
1000 2165 1270 2256 septentriones
1298 2179 1332 2233 53

163 2279 388 2367 aspectare
419 2274 529 2344 litora
560 2274 750 2367 incipiunt.
813 2275 851 2345 in
883 2275 941 2345 his
973 2286 1032 2348 est
1060 2277 1202 2369 Aegion
1234 2284 1285 2348 et,

163 2409 194 2453 ιι
219 2386 352 2479 Aegira
376 2393 413 2457 et
430 2385 568 2477 Olyros
595 2395 632 2458 et
656 2386 811 2482 Sicyon,
839 2393 876 2459 at
892 2389 930 2459 in
948 2387 1117 2460 adversis
1135 2388 1268 2483 Pagae,

7 2490 8 2497 ’
53 2552 57 2560 .
162 2523 193 2568 ιι
221 2496 384 2595 CreusiS,
411 2498 600 2592 Anticyra,
630 2498 822 2595 Oeanthia,
851 2499 978 2571 Cirrha
1004 2507 1042 2573 et
1065 2502 1187 2573 notior
1203 2504 1270 2574 ali-

162 2638 192 2683 ιι
219 2618 354 2705 quanto
384 2612 534 2684 nomine
567 2604 806 2704 Calydon’et
829 2610 979 2685 Evcnos
1011 2622 1116 2685 extra
1140 2612 1270 2688 Rhion.

159 2749 192 2793 ιο
217 2724 254 2795 in
270 2724 475 2796 Acarnania
500 2726 657 2796 maxime
683 2728 782 2796 clara
807 2730 894 2796 sunt
919 2725 1095 2818 oppidum
1113 2725 1267 2822 Leucas,

102 2921 105 2927 ,
159 2863 189 2910 ιι
215 2837 349 2908 flumen
375 2836 574 2911 Achelous

159 2977 191 3023 ιι
288 2949 337 3022 Jn
368 2948 480 3043 Epiro
519 2951 610 3022 nihil
641 2952 836 3024 Ambracio
876 2955 959 3024 sinu
998 2953 1158 3026 nobilius
1197 2963 1266 3027 cst.
1296 2977 1330 3030 54
1387 3037 1390 3042 7

158 3089 191 3134 ιι
215 3063 306 3136 facit
331 3065 434 3135 sinus
468 3064 531 3157 qui
556 3066 723 3156 angustis
756 3066 926 3136 faucibus
951 3068 996 3137 ‘et
1029 3089 1122 3160 quae
1146 3069 1268 3139 minus

158 3198 191 3243 ιι
214 3177 315 3248 mille
345 3163 518 3269 passibus
550 3185 699 3269 pateant
736 3179 872 3270 grande
909 3181 1061 3272 pelagus
1096 3180 1266 3270 admittit,

155 3314 190 3360 ιι
215 3287 356 3360 faciunt
381 3287 491 3360 urbes
525 3310 618 3382 quae
651 3290 837 3362 adsident:
869 3291 1035 3381 Aetium,
1068 3292 1157 3384 Argi
1182 3293 1267 3363 Am·

157 3427 190 3472 ιι
216 3402 411 3493 ρῙιΗοοῙιίι,
430 3400 636 3493 Ambracia,
661 3402 903 3479 Aeacidarum
920 3426 1032 3497 regna
1049 3403 1265 3498 Pyrrhique.

157 3540 189 3585 ιι
214 3512 392 3587 Butroton
418 3516 514 3586 ultra
536 3521 606 3607 est,
634 3516 765 3587 deiude
784 3515 941 3588 Cerauni
959 3528 1120 3590 montes:
1145 3519 1190 3589 ab
1207 3520 1265 3591 his

157 3650 189 3695 ιι
213 3627 370 3699 flexibus
397 3629 435 3701 in
459 3627 634 3700 Hadrian.
690 3629 762 3701 hoe
793 3651 892 3701 mare
916 3653 1087 3724 magnum
1114 3653 1265 3703 recessu
1294 3654 1327 3707 55

157 3763 188 3808 ιι
213 3741 360 3811 litorum
386 3745 580 3834 acceptum
606 3749 643 3811 et
667 3749 774 3812 vaste
801 3744 948 3835 quidem
973 3745 1011 3814 in
1037 3743 1266 3816 latitudinem

155 3874 188 3919 ιι
213 3863 357 3948 patens,
378 3875 451 3949 qua
467 3861 632 3946 penetrat
649 3862 768 3926 tamen
782 3857 939 3949 vastius,
958 3857 1126 3947 Jllyricis
1145 3878 1264 3951 usque
