3138 4718
286 385 326 448 36
1109 389 1144 444 ΙΙ.
1159 390 1182 453 1,
1197 389 1229 442 12
1243 416 1275 426 -
1288 390 1313 454 2,
1327 390 1342 441 2
1356 387 1401 444 Tr.

284 562 509 653 praecipuus
535 569 607 632 est.
658 562 793 652 pocula
819 569 859 631 ut
885 558 1096 633 Essedones
1122 562 1339 657 parentium,
1386 591 1399 634 1

188 692 257 747 214
285 673 336 744 ita
373 674 715 745 inimicissimorum
754 673 935 766 capitibus
976 642 1180 768 exptmuut.
1242 675 1340 768 'apud
1383 700 1397 743 ι

284 785 617 878 Anthropophagos
661 788 767 878 ipsae
805 787 914 859 etiam
956 789 1088 880 epulae
1130 789 1338 860 visceribus
1382 813 1397 856 ι

283 898 452 969 humanis
504 907 736 990 apparantur.
808 898 940 971 Geloni
984 902 1147 973 hostium
1191 901 1338 972 cutibus
1381 922 1398 966 4

284 1032 399 1104 equos
426 1033 541 1106 seque
567 1016 705 1106 velant,
733 1012 819 1084 illos
844 1014 977 1108 reliqui
1001 1016 1180 1108 corporis7
1209 1036 1250 1085 se
1277 1036 1338 1084 ca·
1382 1037 1416 1081 ι.

283 1125 412 1215 pitum.
469 1123 761 1197 Melanchlaenis
793 1134 872 1196 atra
904 1127 1023 1197 vestis
1056 1132 1094 1196 et
1124 1148 1171 1197 ex
1201 1147 1248 1197 ea
1272 1148 1337 1196 no·
1382 1108 1450 1193 ⁶¹⁴

282 1258 385 1327 men,
412 1235 547 1310 Neuris
575 1244 711 1310 statum
737 1238 894 1330 singulis
921 1246 1066 1330 tempus
1093 1246 1169 1331 est,
1203 1260 1277 1334 quo
1304 1241 1338 1310 si
1382 1262 1396 1304 ι

282 1351 399 1422 velint
423 1352 460 1420 in
486 1354 613 1446 lupos,
647 1352 853 1444 iterumque
882 1351 919 1421 in
945 1371 1011 1422 eos
1038 1352 1101 1444 qui
1126 1351 1230 1423 fuere
1256 1373 1335 1421 mu·
1380 1377 1395 1421 ι

223 1484 255 1535 15
284 1470 417 1534 tenter.
476 1461 577 1534 Mars
612 1465 774 1536 omnium
805 1463 914 1547 deus3
953 1463 988 1532 ei
1026 1484 1094 1555 pro
1129 1464 1336 1534 simulacris
1380 1489 1394 1532 ι

283 1597 393 1647 enses
420 1584 457 1646 et
482 1575 663 1646 cinctoria
693 1574 885 1666 dedicant,
918 1572 1161 1669 hominesque
1186 1598 1253 1669 pro
1279 1577 1335 1646 vi·
1363 1599 1394 1645 ιο

283 1689 405 1760 ctimis
438 1687 585 1759 feriunt.
643 1694 761 1759 terrae
794 1689 867 1758 late
901 1693 1046 1780 patent,
1081 1695 1118 1759 et
1150 1686 1196 1760 ob
1227 1709 1334 1760 exce·
1362 1711 1392 1756 11

282 1801 406 1885 dantia
443 1801 543 1894 ripas
582 1821 670 1870 suas
713 1801 928 1893 plerumque
966 1799 1116 1872 fiumina
1153 1821 1334 1895 nusquam
1362 1829 1393 1876 ιι

280 1936 355 1986 non
381 1914 427 1986 ad
453 1913 588 2007 pabula
613 1911 776 2004 fertileS,
810 1911 946 1983 alicubi
972 1935 1090 2007 usque
1115 1935 1161 1984 eo
1188 1914 1333 1986 steriles
1361 1944 1392 1990 re

281 2028 327 2099 ad
354 2037 488 2119 cetera,
517 2034 557 2095 ut
583 2026 646 2119 qui
671 2023 835 2096 habitant
859 2027 1043 2117 lignorum
1062 2034 1212 2118 egentes
1229 2029 1332 2117 ignes
1361 2057 1393 2101 ιι

281 2142 431 2215 ossibus
457 2143 567 2211 alant.
1361 2168 1391 2213 ιι

222 2270 253 2322 rs
355 2253 424 2324 His
462 2251 616 2323 lhraoia
653 2254 823 2344 proxima
860 2260 955 2343 est„
976 2272 1091 2348 eaque
1130 2273 1151 2321 a
1189 2251 1334 2324 Pontici
1361 2282 1391 2326 ιι

280 2367 404 2437 lateris
430 2364 552 2435 fronte
585 2386 702 2458 usque
734 2366 772 2435 in
796 2365 951 2453 illyrios
984 2363 1132 2456 penitus
1164 2366 1332 2460 inmissa,
1361 2393 1391 2439 ιι

280 2499 354 2572 qua
396 2479 511 2547 latera
555 2478 631 2569 agit
671 2475 799 2547 Histro
844 2478 1051 2570 pelagoque
1094 2479 1332 2570 contingitur.
1359 2504 1390 2548 ιι

278 2592 382 2684 regio
407 2610 477 2661 nec
504 2594 608 2662 caelo
634 2592 730 2660 laeta
758 2609 829 2659 nec
855 2590 951 2680 solo,
984 2596 1022 2661 et
1046 2591 1121 2663 nisi
1147 2613 1219 2685 qua
1243 2592 1331 2663 mari
1358 2618 1389 2662 ιι

278 2704 430 2798 propior
461 2713 538 2795 est,
572 2702 790 2790 infecunda,
824 2700 976 2795 frigida,
1011 2725 1212 2798 corumque
1239 2723 1331 2796 quae
1356 2727 1390 2772 ιι

279 2825 449 2889 seruntur
472 2818 631 2908 maligne
658 2814 853 2886 admodum
878 2818 1036 2910 patiens,
1068 2838 1150 2889 raro
1176 2836 1330 2908 usquam
1356 2841 1387 2886 ιι

278 2931 494 3024 pomiferam
532 2927 717 3018 arborem,
763 2931 878 3000 vitem
918 2929 1147 3024 frequentius
1183 2930 1330 3000 tolerat:
1356 2953 1388 2998 ιι

278 3043 346 3114 sed
370 3064 440 3115 nec
466 3044 547 3114 eius
575 3039 723 3132 quidem
748 3039 892 3114 fructus
922 3047 1149 3113 maturatae
1174 3041 1329 3135 mitigat,
1356 3064 1387 3109 ιι

277 3157 350 3229 nisi
375 3156 437 3226 ubi
460 3154 598 3245 frigora
620 3150 767 3225 obiectu
785 3154 969 3225 frondium
988 3155 1148 3224 cultores
1166 3174 1329 3226 arcuere.
1355 3175 1388 3220 ιι

276 3270 379 3341 viros
406 3265 600 3356 benignius
627 3266 704 3357 alit,
725 3289 806 3341 non
832 3265 878 3336 ad
900 3266 1063 3356 speciem
1085 3273 1219 3359 tamen,
1246 3289 1330 3339 nam
1355 3289 1387 3336 ιι

277 3390 314 3451 et
344 3380 418 3448 illis
451 3398 561 3470 asper
597 3387 708 3473 atque
747 3377 921 3448 indecens
955 3370 1152 3470 corpo'rum
1182 3380 1329 3452 habitus
1355 3405 1387 3451 ιι
1430 3466 1435 3475 ,

276 3499 352 3581 est,
390 3498 551 3561 ceterum
578 3492 625 3561 ad
653 3491 829 3561 ferociam
855 3498 893 3559 et
917 3510 1126 3585 numerum,
1160 3504 1201 3564 ut
1224 3497 1330 3565 multi
1355 3515 1386 3561 ιι

216 3626 247 3678 17
275 3603 497 3695 inmitesque
536 3611 623 3673 sunt
650 3603 809 3677 maxime
847 3601 964 3672 ferax,
1028 3624 1169 3696 paucos
1202 3625 1386 3676 omnesne

276 3715 400 3807 quiin
426 3718 579 3808 pelagus
605 3713 778 3804 evadunt,
817 3735 942 3785 verum
969 3717 1228 3790 celeberrimos
1254 3717 1327 3789 He·
1353 3735 1384 3779 ιθ

278 3832 391 3921 hrum,
420 3823 575 3916 Neston,
603 3827 800 3917 Strymona
821 3830 964 3900 emittit
1016 3841 1159 3903 montes
1178 3833 1327 3903 interior
1353 3848 1384 3893 ιο
