3138 4718
269 404 312 468 44
572 474 578 486 Ι
1179 406 1212 459 ιι.
1226 407 1381 471 ae-srz.

269 579 358 651 olim
396 580 505 654 urbes
545 580 616 650 iam
656 585 793 652 tanturn
832 581 990 652 nomina.
1056 582 1208 652 Sunium
1240 603 1324 674 pro·
1370 605 1381 648 1

269 693 494 765 munturium
528 700 605 784 est,
646 692 799 785 finitque
830 691 867 763 id
899 694 985 765 litus
1017 692 1194 767 Hellados
1227 693 1326 788 quod
1368 713 1382 756 ι

271 812 415 902 spectat
440 807 631 878 orientem.
1369 828 1383 873 ι
1488 827 1494 832 ·

174 927 242 983 247
343 906 510 991 Jnde'ad
535 912 724 991 meridiem
757 929 853 990 terra
883 922 1110 1009 convertitur
1135 940 1254 1016 usque
1279 919 1326 990 ad
1368 940 1385 984 4

271 1031 472 1127 Megaram,
498 1031 644 1105 Atticae
670 1037 710 1102 ut
735 1031 844 1104 modo
869 1035 984 1105 latere
1010 1035 1062 1105 ita
1083 1054 1182 1106 nunc
1205 1032 1325 1104 fronte
1368 1051 1383 1098 ι

270 1147 402 1239 pelago
440 1144 625 1217 adiacens.
690 1143 740 1216 ibi
778 1153 837 1217 est
868 1144 1019 1219 Piraeus
1048 1146 1325 1218 Atheniensium
1369 1167 1384 1211 ι

271 1264 420 1352 portus,
459 1258 628 1330 Scironia
665 1278 757 1330 saxa
795 1259 909 1330 saeuo
947 1258 1129 1353 quondam
1160 1258 1325 1330 Scironis
1369 1278 1383 1322 ι
1463 1322 1478 1347 ‚

209 1385 245 1439 48
272 1370 435 1464 hospitio
467 1372 579 1444 etiam
609 1392 707 1443 nunc
739 1370 899 1442 infamia.
956 1371 1227 1464 Megarensium
1254 1379 1326 1441 tra·
1368 1392 1383 1437 ι

272 1490 354 1556 ctus
389 1483 560 1556 Jsthmon
598 1483 771 1575 adtingit,
816 1480 973 1556 *Diolco
1011 1505 1216 1577 cognomen
1254 1489 1324 1574 est,
1368 1505 1383 1549 ι

272 1597 336 1692 qui
371 1604 544 1691 quattuor
580 1596 721 1667 milium
761 1596 883 1688 spatio
922 1595 1107 1689 Aegaeum
1143 1618 1243 1668 mare
1281 1594 1325 1665 ab
1353 1617 1383 1663 ro

271 1708 382 1782 Jonio
415 1708 639 1781 submovens
671 1717 830 1800 angusto
867 1710 1010 1781 tramite
1041 1708 1189 1780 Helladi
1220 1707 1326 1779 Pelo·
1351 1731 1381 1775 11

272 1842 464 1919 ponneson
488 1819 663 1893 adnectit.
713 1822 752 1891 in
769 1842 814 1892 eo
832 1827 891 1893 est
907 1822 1084 1914 oppidum
1102 1820 1323 1911 Cenchreae,
1352 1843 1383 1888 ιι

271 1924 396 2007 fanum
421 1933 602 2027 Neptuni,
635 1932 712 2004 ludi
743 1956 837 2027 quos
864 1933 1066 2007 Jsthmicos
1096 1941 1234 2007 vocant
1265 1954 1325 2004 ces
1353 1957 1382 2003 ιι

273 2045 411 2139 lebres,
446 2044 643 2118 Corinthos
675 2047 764 2119 olim
790 2050 890 2119 clara
922 2049 1075 2143 opibus,
1107 2054 1191 2142 post
1221 2044 1325 2117 clade
1352 2071 1384 2118 14

273 2161 411 2251 notior,
450 2180 551 2231 nunc
582 2158 744 2233 Romana
782 2163 947 2255 colonia,
988 2184 1036 2233 ex
1068 2180 1209 2231 summa
1241 2179 1325 2230 arce
1353 2185 1383 2232 ιι

274 2293 383 2367 quarn
395 2270 687 2345 Acrocorinthon
712 2273 898 2366 adpellant
922 2275 1034 2347 maria
1059 2280 1211 2369 unaque
1238 2294 1325 2344 con·
1352 2299 1383 2345 ιι

273 2394 394 2457 tuens.
1352 2412 1383 2459 ιι

209 2516 244 2569 ιι
345 2497 592 2591 Peloponnesi
630 2521 750 2594 oram,
790 2503 888 2573 sieut
924 2500 1106 2592 diximuS,
1146 2500 1250 2572 sinus
1289 2506 1326 2569 et
1351 2525 1382 2570 ιι

271 2611 523 2704 promunturia
552 2615 733 2708 lacerant,
773 2614 819 2685 ab
852 2613 999 2683 oriente
1025 2609 1256 2706 Bucephalos
1288 2616 1326 2680 et
1350 2635 1381 2680 ιι

272 2722 527 2795 Chersonesus
565 2733 603 2797 et
634 2727 852 2818 Scyllaeon,
894 2724 940 2796 ad
970 2726 1159 2797 meridiem
1191 2722 1324 2811 Malea,
1349 2742 1382 2788 ιι

269 2834 474 2930 TaenaroS,
500 2838 665 2932 AcritaS,
692 2838 869 2931 Johtnys,
896 2837 942 2908 ad
969 2859 1165 2932 vesperum
1192 2832 1324 2905 Chelo-
1349 2858 1381 2903 ιι

271 2955 377 3019 nates
409 2957 446 3021 et
477 2951 633 3024 Araxos.
690 2948 856 3020 habitant
886 2947 932 3021 ab
963 2949 1108 3023 Jsthmo
1140 2947 1185 3019 ad
1217 2946 1325 3040 Scyl·
1350 2968 1382 3015 ιι

271 3062 379 3133 laeon
396 3045 598 3156 Epidaurii,
617 3062 831 3154 Aesculapii
849 3065 985 3155 templo
1003 3056 1133 3153 incliti,
1159 3070 1196 3132 et
1212 3059 1324 3132 Troe·
1349 3083 1382 3129 ιι

210 3192 246 3244 50
274 3176 388 3270 zenii,
432 3176 503 3248 fide
541 3176 730 3246 societatis
768 3175 911 3249 Atticae
947 3163 1133 3247 inlustres.
1195 3185 1323 3269 portus
1349 3196 1382 3242 ιι

271 3284 495 3360 *Saronicus
533 3292 571 3357 et
601 3285 820 3361 Schoenitas
859 3294 897 3360 et
933 3285 1147 3381 *Pogonus,
1187 3289 1326 3382 oppida
1350 3308 1382 3355 ιι

271 3411 391 3475 autern
422 3399 629 3492 Epidaurus
667 3408 705 3472 et
735 3400 922 3472 Troezene
961 3407 999 3471 et
1029 3400 1228 3472 Hermiona
1265 3403 1323 3473 his
1349 3421 1381 3466 ιι

271 3512 437 3585 litoribus
464 3509 632 3603 adposita
657 3520 752 3585 sunt.
795 3513 890 3582 inter
905 3510 1105 3602 Scyllaeon
1123 3520 1161 3585 et
1177 3512 1323 3585 Malean
1348 3535 1380 3580 ιι

272 3628 376 3699 sinus
395 3623 591 3715 Argolicus
618 3625 764 3714 dicitur,
793 3627 887 3694 inter
907 3621 1055 3696 Malean
1080 3634 1118 3697 et
1133 3624 1323 3698 Taenaron
1348 3645 1380 3690 ιι

271 3735 496 3829 Laconicus,
530 3737 625 3808 inter
655 3735 845 3807 Taenaron
878 3742 914 3806 et
945 3737 1095 3810 Acritan
1126 3739 1321 3828 Asinaeus,
1348 3758 1380 3803 ιι

212 3868 244 3923 51
275 3848 368 3923 inter
396 3846 547 3921 Acritan
581 3855 617 3919 et
641 3846 805 3939 Jchthyn
838 3847 1089 3942 Cyparissius,
1146 3852 1184 3922 in
1209 3849 1324 3941 Argo·
1347 3871 1380 3916 ιι
