3134 4710
296 401 338 465 66
482 356 484 362 ⁸
1188 402 1235 455 lll.
1255 402 1279 467 2,
1292 401 1350 456 3-5
1364 401 1409 455 Tu.

295 574 388 646 adeo
427 584 468 646 ut
504 575 686 667 bominem
718 577 893 668 optimam
932 583 969 646 et
1001 576 1244 667 gratissimam
1278 576 1350 646 diis
1396 596 1408 639 1

295 688 483 759 victimam
510 686 713 758 crederent.
751 695 900 760 manent
924 688 1085 780 vestigia
1101 688 1260 760 feritatis
1278 689 1351 760 iam
1394 715 1408 759 a

294 799 467 892 abolitae,
494 804 606 894 atque
631 807 673 871 ut
697 797 742 870 ab
758 801 907 871 'ultimis
931 798 1107 873 caedibus
1132 807 1348 895 temperant,
1393 831 1407 875 a

294 915 347 985 ita
370 913 628 1006 nihilominus,
664 912 725 985 ubi
751 913 910 987 devotos
937 914 1111 986 altaribus
1138 915 1348 1004 admovere,
1392 944 1408 988 4

295 1025 468 1098 delibant.
509 1026 643 1097 habent
669 1034 791 1097 tamen
817 1035 854 1098 et
879 1027 1088 1099 facundiam
1115 1050 1219 1098 suam
1236 1028 1349 1119 magi·
1387 1016 1407 1099 's

198 1155 267 1212 ara
296 1146 468 1233 atrosque
495 1140 698 1233 sapientiae
725 1139 886 1210 druidas.
943 1139 981 1209 hi
1008 1148 1124 1210 terrae
1149 1139 1349 1233 mundique
1393 1165 1407 1208 s

239 1302 242 1309 ·
293 1252 581 1345 magnitudinem
607 1259 644 1323 et
660 1251 830 1343 formam⁷
857 1259 980 1323 motus
999 1252 1156 1323 caeliae
1175 1252 1347 1343 siderum,
1392 1278 1407 1321 r

294 1365 445 1459 etquid
472 1364 523 1436 dii
549 1366 666 1436 velint
691 1366 787 1435 scire
814 1365 1040 1456 profitentur.
1084 1365 1218 1436 docent
1235 1367 1351 1437 multa
1392 1392 1407 1436 s

293 1477 547 1550 nobilissimos
580 1478 701 1570 gentis
734 1477 828 1546 clam
861 1481 898 1547 et
930 1475 1013 1567 diu,
1053 1477 1197 1547 vicenis
1228 1479 1348 1569 annis,
1392 1507 1406 1549 o

294 1601 359 1663 aut
389 1593 427 1663 in
459 1612 573 1685 specu
606 1596 671 1661 aut
702 1592 739 1659 in
772 1588 907 1659 abditis
941 1587 1108 1659 saltibus
1164 1611 1277 1661 unum
1302 1611 1349 1660 ex
1376 1614 1406 1659 ιο

294 1704 351 1774 his
378 1725 473 1799 quae
497 1702 731 1795 praecipiunt
756 1702 795 1770 in
820 1702 956 1793 vulgus
983 1700 1139 1792 effluxu,
1172 1702 1350 1774 videlieet
1375 1728 1405 1773 ιι

294 1825 335 1889 ut
358 1816 482 1887 forent
506 1815 553 1887 ad
579 1815 674 1885 bella
698 1814 886 1904 melioreS,
914 1822 1083 1884 aeternas
1103 1835 1190 1886 esse
1206 1815 1347 1885 animas
1375 1840 1406 1886 ra

294 1930 481 2022 vitamque
507 1931 657 2000 alteram
683 1926 730 1997 ad
755 1948 895 1999 manes.
933 1928 1059 2022 itaque
1086 1948 1167 1998 cum
1194 1929 1347 1999 mortuis
1375 1953 1406 2000 ra

294 2048 458 2112 cremant
482 2061 527 2113 ac
559 2039 751 2111 defodiunt
782 2046 867 2131 apta
891 2038 1116 2111 viventibus.
1172 2041 1260 2133 olim
1285 2061 1348 2111 ne·
1374 2060 1406 2107 ιι

293 2154 478 2247 gotiorum
494 2155 588 2225 ratio
606 2153 715 2223 etiam
741 2159 778 2222 et
804 2152 951 2222 exactio
969 2152 1100 2223 crediti
1118 2151 1349 2223 deferebatur
1374 2170 1406 2217 rs

292 2265 339 2338 ad
365 2265 519 2359 inferos⁷
547 2272 722 2358 erantque
749 2265 812 2357 qui
830 2285 872 2334 se
889 2265 927 2334 in
945 2286 1057 2356 rogos
1077 2285 1228 2335 suorum
1245 2267 1349 2337 velut
1375 2284 1406 2333 re

232 2400 267 2454 ao
293 2400 367 2451 una
391 2381 527 2452 victuri
554 2379 710 2449 libenter
738 2378 973 2449 inmitterent.
1031 2377 1134 2469 regio
1161 2399 1270 2473 quam
1295 2380 1348 2450 in·
1375 2396 1406 2441 12

293 2497 421 2565 colunt
464 2493 583 2563 omnis
623 2490 774 2563 Comata
813 2491 961 2566 Gallia...
1013 2493 1234 2584 populorum
1278 2494 1349 2563 tria
1375 2507 1406 2553 18

293 2627 435 2679 summa
461 2606 609 2675 nomina
626 2614 723 2690 sunt,
752 2608 1061 2698 terminanturque
1078 2606 1203 2676 fluviis
1222 2607 1347 2696 ingen-
1374 2618 1405 2663 1⁹

293 2718 404 2789 tibus.
458 2739 615 2813 namque
645 2741 667 2788 a
691 2715 882 2809 Pyrenaeo
915 2716 962 2788 ad
994 2716 1204 2789 Garunnam
1233 2717 1347 2810 Aqui·
1373 2731 1405 2779 20

292 2833 381 2922 tani,
409 2831 453 2902 ab
480 2853 524 2902 eo
551 2832 598 2901 ad
615 2832 823 2925 Sequanam
841 2829 981 2922 Celtae,
1008 2831 1093 2901 inde
1118 2830 1165 2900 ad
1182 2828 1347 2902 Rhenum
1372 2845 1404 2890 21

291 2944 475 3039 pertinent
510 2940 656 3037 Belgae.
691 2943 986 3036 ·'Aquitanorum
1029 2942 1226 3013 clarissimi
1261 2953 1348 3015 sunt
1372 2958 1405 3005 22

291 3056 424 3148 Ausci,
460 3055 645 3128 Celtarmn
670 3054 835 3145 Haedui,
869 3051 1063 3145 Belgarum
1088 3051 1257 3149 Treveri,
1286 3078 1346 3128 ur·
1372 3072 1405 3119 aa

292 3167 432 3263 besque
470 3166 774 3262 opulentissimae
813 3168 851 3236 in
881 3164 1051 3236 Treveris
1082 3163 1269 3260 Augusta,
1308 3171 1347 3240 in
1371 3186 1405 3233 rr

290 3281 453 3353 Haeduis
478 3280 799 3375 Augustodunum,
825 3280 862 3348 in
886 3279 1023 3350 Auscis
1040 3277 1320 3353 Eliumberrum.
1372 3299 1404 3348 as

230 3411 262 3463 21
363 3395 536 3466 Garunna
574 3416 621 3465 ex
652 3389 842 3482 Pyrenaeo
878 3399 1003 3464 monte
1042 3393 1237 3487 delapsus,
1275 3399 1405 3469 nisiae

292 3530 376 3583 cunr
400 3509 552 3580 hiberno
584 3504 697 3576 imbre
729 3513 794 3575 aut
820 3507 954 3577 solutis
984 3506 1134 3578 nivibus
1160 3498 1345 3602 intumuit,
1372 3529 1404 3576 rr

292 3622 355 3694 diu
380 3621 544 3693 vadosus
572 3627 609 3688 et
634 3619 699 3690 vix
723 3617 944 3712 navigabilis
970 3619 1096 3691 fertur.
1140 3629 1178 3693 at
1203 3623 1265 3692 ubi
1282 3622 1346 3695 ob·
1371 3644 1404 3690 aa

291 3738 377 3809 vius
403 3732 533 3802 oceani
559 3734 810 3803 exaestuantis
835 3732 1051 3805 accessibus
1075 3735 1255 3807 adauctus
1273 3745 1343 3828 est,
1370 3757 1403 3802 aa

292 3848 496 3939 iisdemque
521 3855 617 3919 retro
643 3848 889 3920 remeantibus
918 3871 1004 3920 suas
1029 3851 1202 3944 illiusque
1226 3870 1341 3942 aquas
1369 3871 1401 3916 ao
