3138 4718
293 416 335 482 38
954 432 958 440 ·
1203 417 1236 470 11.
1249 417 1346 483 222
1359 417 1405 470 rr.

293 600 436 665 ceteras
470 595 532 686 qui
567 593 724 664 habeant
762 594 932 665 mercede
972 600 1204 688 quaeruntur.
1267 594 1345 663 vini
1391 622 1402 665 1

292 728 384 779 usus
417 705 634 799 quibusdam
665 708 814 799 ignotus
847 715 920 777 est:
959 706 1192 800 epulantibus
1225 714 1345 777 tamen
1388 730 1403 775 2

291 817 355 890 ubi
380 840 491 912 super
521 821 625 912 ignes
661 842 755 914 quos
789 820 1051 891 circumsident
1083 818 1260 915 quaedam
1286 840 1343 889 se·
1386 845 1401 890 a

291 929 393 1003 mina
420 932 564 1025 ingesta
597 939 701 1026 sunt,
738 934 869 1004 similIs
902 932 1068 1005 ebrietati
1099 933 1262 1003 hilaritas
1297 950 1343 1002 ex
1386 956 1402 1001 2

290 1043 419 1115 nidore
445 1046 635 1138 contingit.
1386 1066 1401 1112 s

194 1169 264 1225 222
364 1156 414 1229 Jn
450 1157 621 1230 litoribus
653 1158 782 1231 Histro
815 1167 874 1231 est
909 1160 1076 1252 proxima
1100 1156 1342 1249 Histropolis,
1387 1181 1401 1226 a

291 1270 424 1343 deinde
449 1292 473 1342 a
496 1267 681 1343 *Milesiis
711 1273 869 1344 deducta
895 1272 1067 1364 Callatis,
1103 1280 1180 1341 tum
1204 1268 1344 1340 Tomoe
1387 1293 1402 1337 2

290 1392 328 1455 et
358 1392 490 1478 portus
521 1383 630 1456 Caria
662 1393 700 1458 et
731 1384 861 1457 Pristis
899 1384 1205 1477 promunturium:
1244 1381 1345 1476 quod
1386 1407 1401 1453 a
1487 1440 1489 1446 s

289 1503 566 1591 praetervectos
583 1501 676 1570 alter
692 1495 796 1570 Ponti
814 1499 970 1589 angulus
988 1497 1137 1589 accipit,
1162 1495 1343 1567 adversus
1385 1518 1400 1563 2

289 1608 471 1683 Phasiaco
503 1618 542 1684 et
571 1612 647 1683 nisi
678 1612 834 1703 amplior
864 1610 961 1682 foret
987 1610 1132 1680 similis.
1188 1608 1259 1680 fuit
1282 1608 1343 1679 hic
1369 1631 1400 1677 ro

289 1721 441 1818 Bizone,
468 1733 570 1798 motu
586 1733 705 1798 terrae
721 1724 919 1795 intercidit
962 1730 1021 1795 est
1036 1730 1166 1819 portus
1185 1720 1341 1813 Crunos,
1368 1741 1400 1788 11

290 1837 399 1910 urbes
424 1836 728 1932 Dionysiopolis,
762 1836 949 1932 Odessos,
983 1836 1242 1928 Messembria,
1269 1834 1342 1904 An·
1368 1856 1400 1903 22

291 1950 453 2047 chialos,
486 1958 525 2025 et
548 1953 676 2024 intimo
702 1951 740 2022 in
766 1953 868 2044 sinu,
902 1961 1013 2047 atque
1038 1952 1101 2023 ubi
1125 1949 1263 2021 Pontus
1290 1947 1342 2017 al·
1367 1969 1399 2017 22

290 2074 407 2137 terum
434 2067 493 2138 sui
516 2065 652 2136 flexum
678 2068 813 2158 angulo
839 2065 930 2157 finit,
963 2086 1095 2158 magna
1119 2058 1342 2154 Apollopha·
1367 2085 1400 2132 14

228 2199 262 2255 aa
289 2179 362 2251 nia.
410 2186 512 2250 reeta
538 2177 669 2251 dehinc
695 2200 772 2271 ora,
798 2179 871 2249 nisi
897 2179 995 2274 quod
1019 2176 1140 2248 media
1162 2172 1279 2244 ferme
1303 2173 1342 2243 in
1367 2200 1400 2249 22

289 2292 583 2385 promunturium
609 2292 708 2386 quod
723 2289 929 2386 ibymnian
954 2295 1091 2363 vocant
1106 2288 1197 2381 exit,
1224 2294 1262 2359 et
1286 2287 1341 2358 in·
1367 2312 1399 2358 22

237 2415 241 2421 ’
290 2405 419 2478 curvis
451 2413 580 2477 contra
617 2425 659 2477 se
688 2406 857 2477 litoribus
888 2403 1117 2495 obtenditur,
1157 2402 1342 2495 urbesque
1368 2423 1432 2480 22,

291 2519 450 2590 sustinet
485 2516 741 2609 Halmydeson
778 2526 816 2589 et
851 2516 988 2607 Phylas
1027 2524 1065 2586 et
1098 2512 1340 2608 Phinopolim.
1367 2533 1399 2579 rs

230 2649 264 2702 24
290 2629 468 2702 hactenus
493 2629 646 2703 Pontus.
702 2630 834 2703 deinde
864 2635 923 2700 est
946 2625 1161 2720 Bosphorus
1192 2636 1230 2699 et
1253 2625 1340 2697 Pro·
1366 2647 1399 2694 22

289 2744 429 2837 pontis,
455 2743 494 2814 in
518 2741 712 2839 Bosphoro
735 2742 955 2835 Byzantion,
983 2743 1021 2814 in
1037 2740 1258 2836 Propontide
1275 2739 1340 2809 Se·
1365 2760 1399 2807 2ο

288 2853 461 2948 lymbria,
486 2854 693 2949 Perinthos,
725 2854 885 2946 Bytinis:
916 2877 1116 2949 amnesque
1141 2854 1204 2947 qui
1229 2853 1340 2922 inter·
1365 2873 1398 2921 22

289 2970 407 3042 fluunt
442 2969 599 3063 Erginos
638 2979 676 3042 et
704 2968 851 3059 Atyras
915 2978 993 3041 turn
1030 2968 1151 3039 Rheso
1189 2973 1341 3059 regnata
1364 2986 1399 3034 22

291 3083 474 3177 quondam
507 3106 592 3178 pars
623 3083 819 3173 Thraciae,
859 3090 898 3154 et
928 3081 1088 3153 Bisaltae
1118 3080 1337 3173 Samiorum,
1365 3101 1398 3150 22

289 3203 327 3268 et
357 3197 487 3289 ingens
517 3193 715 3291 aliquando
742 3194 921 3289 Gypsela.
976 3198 1064 3287 post
1092 3196 1200 3266 locus
1233 3214 1341 3291 quem
1365 3216 1399 3263 22

290 3307 378 3381 Grai
415 3306 593 3381 *Macron
628 3307 749 3379 tichos
786 3309 990 3403 adpellant,
1030 3314 1068 3378 et
1103 3308 1142 3377 in
1179 3306 1341 3378 radicem
1366 3329 1397 3376 22
1486 3390 1489 3395 ¹

288 3445 443 3516 magnae
467 3442 582 3515 paene
606 3421 751 3494 insulae
777 3422 911 3495 sedens
936 3417 1182 3511 Lysimachia.
1365 3441 1398 3487 22

228 3559 265 3614 aa.
361 3536 473 3608 Terra
505 3556 601 3628 quae
633 3539 800 3631 sequitur
831 3556 1012 3629 nusquam
1045 3537 1119 3606 lata
1144 3543 1254 3628 atque
1279 3534 1340 3603 hic
1365 3551 1397 3596 22

289 3650 473 3722 artissima
511 3649 607 3721 inter
639 3648 920 3741 Hellespontum
958 3648 1217 3741 Aegaeumque
1255 3667 1339 3738 pro·
1365 3665 1397 3711 aa

290 3765 413 3837 currit.
467 3765 657 3856 angustias
683 3762 873 3853 Jsthmon,
906 3762 1064 3835 frontem
1090 3766 1172 3836 eius
1198 3760 1339 3830 Mastu·
1365 3780 1397 3827 22

228 3880 400 3970 assiam,
440 3885 553 3951 totam
586 3877 856 3948 Chersonesum
896 3877 1091 3970 adpellant.
1149 3874 1196 3945 ob
1228 3878 1338 3945 multa
1364 3897 1397 3943 ao
