3138 4718
288 402 328 475 18
1120 404 1140 457 1.
1155 405 1400 469 o‚t-11‚1rz.

286 576 480 659 dissimilis
511 577 678 649 aliorum.
735 597 819 651 raro
851 579 1017 655 nascitur
1047 598 1117 653 neo
1146 582 1247 653 coitu
1279 600 1342 672 pe·
1387 609 1398 652 1

286 688 412 781 cudis,
454 698 495 763 ut
526 691 646 782 aiunt,
688 689 755 763 scd
788 690 967 763 divinitus
998 698 1036 763 et
1067 691 1220 767 caelesti
1257 693 1343 783 igne
1382 718 1398 763 a

285 810 508 896 conceptue,
549 802 704 895 diesque
745 824 819 896 quo
860 804 1021 895 gignitur
1053 806 1153 897 genti
1183 804 1341 877 maxime
1383 829 1398 877 a

188 923 256 981 159
284 914 403 993 festus
418 922 499 1013 hest.
548 916 622 1009 ipsi
648 916 895 988 vetustissimi
921 924 961 989 ut
984 916 1199 1008 praedioant
1223 915 1340 991 homi·
1382 941 1398 985 ι

256 1047 372 1105 4ιιιιιιι
418 1035 606 1101 trecentos
645 1035 682 1101 et
718 1031 867 1121 triginta
904 1050 1010 1120 reges
1050 1038 1134 1101 ante
1163 1027 1338 1121 Amasim,
1384 1055 1398 1101 a
1465 1024 1474 1029 “

161 1134 163 1137 ’
284 1148 322 1210 et
347 1161 459 1234 supra
484 1141 661 1213 tredecim
686 1143 828 1215 milium
859 1162 1035 1213 annorum
1060 1148 1200 1213 aetates
1227 1142 1339 1213 certis
1384 1168 1398 1212 c

215 1335 217 1339 .
283 1252 477 1329 annalibus
503 1254 681 1344 referunt,
708 1255 992 1347 mandatumque
1016 1255 1150 1327 litteris
1176 1260 1337 1347 servant,
1383 1284 1398 1327 r

284 1365 370 1437 dum
395 1365 572 1462 Aegyptii
600 1377 704 1460 sunt,
740 1375 869 1462 quater
900 1388 1032 1439 cursus
1064 1388 1155 1439 suos
1180 1369 1341 1441 vertisse
1380 1396 1397 1441 a

185 1514 190 1523 ·
284 1480 407 1553 sidera
425 1501 471 1551 ac
488 1482 604 1553 solem
623 1481 680 1550 bis
695 1481 769 1551 iam
787 1480 974 1557 occidisse
990 1479 1088 1555 unde
1099 1501 1199 1553 nunc
1212 1480 1339 1551 oritur.
1383 1506 1397 1550 e

224 1609 259 1661 co
283 1594 416 1686 viginti
443 1590 569 1667 *milia
599 1594 740 1665 urbium
766 1591 893 1665 Amasi
925 1598 1103 1684 regnante
1131 1590 1343 1663 habitarunt
1367 1619 1398 1664 10

284 1715 322 1778 et
337 1728 436 1777 nune
452 1707 588 1781 multas
604 1704 780 1791 habitant.
824 1725 949 1783 earum
966 1704 1194 1807 clarissimae
1209 1705 1341 1797 procul
1366 1729 1396 1775 11

284 1820 414 1897 amari
432 1818 529 1910 Sais,
555 1817 755 1911 Memphis,
782 1817 919 1911 Syene,
946 1815 1134 1910 Bubastis,
1160 1816 1339 1910 Elephan·
1366 1843 1396 1889 ιι

252 1929 258 1937 ’
284 1932 360 2005 tine
391 1939 428 2003 ct
452 1929 616 2021 Thebae,
652 1931 705 2003 uti
731 1950 826 2025 quae
858 1938 899 2005 ut
923 1928 1085 2005 Homero
1117 1924 1256 2003 dictum
1281 1934 1340 1999 est
1365 1953 1397 2002 rc

284 2051 430 2115 centum
462 2050 609 2136 portae,
642 2043 724 2115 sive
756 2049 797 2113 ut
826 2044 890 2114 alii
922 2046 1026 2117 aiunt
1058 2050 1204 2117 centum
1234 2043 1338 2117 aulas
1366 2064 1398 2110 ιι

284 2156 429 2247 habent,
452 2153 609 2239 ,totidem
626 2156 714 2226 olim
730 2155 939 2249 principum
960 2156 1105 2250 domos,
1134 2156 1338 2246 solitasque
1367 2175 1397 2222 rs

286 2270 451 2363 singulas
483 2267 545 2340 ubi
577 2269 768 2360 negotium
799 2277 975 2361 exegerat
1001 2271 1093 2342 dena
1118 2274 1339 2343 armatorum
1365 2287 1396 2341 rt

284 2384 387 2453 milia
410 2378 615 2455 effundere:
640 2380 678 2452 in
702 2382 810 2452 litore
834 2381 1057 2456 Alexandria
1076 2380 1225 2461 Africae
1250 2400 1339 2453 oon·
1365 2402 1396 2447 rr

285 2494 451 2588 termina,
479 2493 667 2571 Pelusium
681 2491 852 2567 Arabiae.
893 2498 993 2591 ipsas
1017 2516 1101 2567 oras
1123 2500 1254 2566 secant
1270 2490 1339 2562 Ca·
1366 2513 1397 2557 rs

283 2608 478 2701 ncpioum,
505 2607 751 2700 Volbitieum,
777 2608 1087 2702 Sevennyticum,
1121 2606 1339 2681 Patbameti-
1365 2622 1396 2667 ιι

285 2740 388 2811 cum,
415 2718 667 2813 Mendesium,
697 2718 973 2815 Cataptystum,
1004 2719 1236 2794 Pelusiacum
1262 2715 1338 2789 Nili
1363 2735 1398 2783 ιι

286 2833 396 2905 ostia.
1363 2849 1395 2895 ιι

223 2953 255 3006 61
358 2943 493 3017 Arabia
513 2945 600 3017 hinc
622 2947 670 3018 ad
689 2944 849 3021 Rubrum
866 2965 965 3017 mare
981 2945 1151 3038 pertinet,
1178 2941 1246 3015 sed
1261 2941 1340 3015 illio
1363 2961 1398 3008 aa

284 3058 403 3151 magis
428 3058 525 3131 laeta
550 3067 588 3130 et
613 3059 723 3133 ditior
748 3065 828 3133 ture
844 3065 956 3152 atque
973 3055 1147 3133 odoribus
1165 3053 1338 3148 abundat,
1364 3073 1398 3131 ιι

264 3169 347 3245 ‚hio
371 3170 445 3243 nisi
471 3192 544 3266 qua
560 3170 694 3245 Cassio
719 3179 843 3245 monte
868 3170 1057 3245 adtollitur
1079 3169 1188 3262 plana
1209 3175 1249 3243 et
1265 3173 1339 3243 ste·
1364 3185 1397 3235 ιι

283 3283 363 3355 rilis
389 3288 534 3378 portum
557 3284 716 3365 admittit
730 3283 889 3359 Azotum
907 3283 1248 3367 suarummarcium
1264 3301 1339 3355 em·
1364 3297 1397 3347 ιι

285 3397 443 3488 porium,
470 3419 545 3493 qua
568 3398 607 3469 in
621 3399 736 3468 altum
753 3394 830 3471 abit
846 3395 939 3471 adeo
956 3396 1056 3471 edita
1072 3404 1114 3481 ut
1128 3417 1179 3469 ex
1195 3414 1341 3469 summo
1364 3412 1399 3461 ιι

286 3511 429 3591 vertice
451 3531 474 3580 a
496 3509 630 3604 'quarta
652 3509 782 3602 vigilia
806 3516 927 3583 crtum
953 3507 1045 3585 solis
1071 3507 1254 3585 ostendet.
1364 3526 1396 3572 ιι

224 3632 258 3686 62
360 3623 471 3715 Syria
494 3624 568 3693 late
592 3621 701 3693 litora
726 3629 847 3715 tenet,
879 3630 1069 3717 terrasque
1094 3624 1204 3703 etiam
1227 3620 1340 3695 latius
1364 3638 1396 3685 ιι

286 3737 481 3824 introrsus,
500 3733 585 3804 aliis
603 3728 763 3830 aliisque
781 3744 994 3830 nuncupata
1009 3736 1235 3818 nominibus3
1253 3751 1341 3807 nam
1362 3746 1395 3795 ιι

286 3858 324 3922 et
341 3847 454 3917 Coele
480 3844 615 3919 dieitur
640 3856 678 3919 et
699 3848 971 3943 Mesopotamia
995 3857 1033 3921 et
1051 3846 1280 3923 Damascena
1299 3849 1338 3914 et
1362 3858 1405 3904 ιι-
