3138 4718
289 401 331 464 34
1175 405 1208 457 ΙΙ.
1230 406 1253 469 1,
1266 406 1343 458 6-10
1356 405 1401 458 Ta.
1564 362 1565 415 E

289 597 457 670 gncsque
483 577 607 669 pisces
635 575 768 669 quibus
794 585 833 647 et
857 578 1018 668 optimus
1044 597 1156 670 sapor
1182 588 1218 649 et
1244 581 1344 649 nulla
1389 609 1401 652 1

288 710 378 760 ossa
403 696 499 760 sunt.
556 691 665 780 longe
690 689 810 782 venit,
845 690 1057 784 ignotisque
1086 696 1189 761 crtus
1216 714 1238 763 e
1263 693 1343 762 fon·
1386 721 1400 764 1

288 801 400 895 tibus,
430 801 670 896 quadraginta
697 803 837 874 dierum
863 803 934 874 iter
950 805 1058 875 alveo
1078 805 1236 896 stringit,
1265 810 1342 874 tan·
1386 835 1400 878 a

288 922 402 1009 toque
429 916 549 1008 spatio
574 913 795 1007 navigabilis
817 916 1021 987 secundum
1037 914 1342 1012 Borysthenidam
1385 949 1401 991 4

208 1050 258 1104 11
288 1036 325 1099 01
350 1026 495 1118 Olbian,
529 1050 662 1121 graeca
687 1028 834 1122 oppida,
864 1030 1059 1121 egreditur.
1112 1028 1339 1122 Callippidas
1385 1058 1399 1103 1

288 1141 459 1234 Hypanis
485 1142 652 1215 includit.
704 1163 752 1212 ex
776 1142 905 1236 grandi
930 1143 1064 1236 palude
1090 1143 1207 1213 oritur
1233 1164 1341 1236 quam
1385 1174 1400 1217 c

173 1346 180 1357 ·
285 1264 444 1326 matrem,
462 1256 543 1327 cius
571 1257 721 1328 accolae
737 1258 935 1348 appellant,
961 1266 998 1326 et
1015 1256 1077 1326 diu
1095 1258 1216 1349 qualis
1233 1252 1341 1326 natus
1386 1285 1400 1328 1

287 1377 347 1441 est
369 1369 508 1439 defluit.
566 1376 706 1439 tanturn
738 1391 812 1443 non
843 1372 953 1459 longe
984 1391 1006 1438 a
1035 1369 1127 1439 mari
1152 1391 1200 1440 ex
1224 1388 1341 1462 parvo
1385 1397 1399 1441 s

285 1481 480 1552 fcnlacui
506 1478 720 1574 Exampheo
751 1501 957 1572 cognomen
989 1489 1047 1552 est
1079 1481 1172 1552 adeo
1199 1502 1340 1553 amaras
1385 1509 1399 1553 1

286 1614 400 1688 aquas
427 1595 576 1687 accipit,
610 1602 651 1664 ut
677 1595 761 1686 ipsa
789 1615 936 1687 quoque
961 1596 1033 1664 iarn
1062 1597 1119 1665 sui
1148 1595 1340 1666 dissimilis
1368 1617 1400 1679 11

286 1716 324 1778 01
361 1727 435 1778 non
450 1749 455 1755 ·
473 1707 594 1778 dulcis
634 1705 898 1777 hincdefluat.
961 1706 1115 1779 Asiaces
1149 1709 1346 1800 proximus
1368 1729 1397 1773 11

285 1821 381 1893 inter
416 1819 618 1913 Callipidas
651 1819 881 1912 Asiacasquc
920 1819 1125 1893 descendit.
1187 1821 1257 1891 bos
1295 1818 1340 1889 ab
1367 1845 1400 1890 11

285 1930 460 2015 Histricis
479 1930 576 2022 Pyra
603 1938 764 2023 separat3
791 1933 910 2024 surgit
936 1933 973 2003 in
990 1931 1137 2025 Neuris,
1166 1954 1238 2026 qua
1264 1933 1341 2003 exit
1367 1958 1399 2003 11

288 2046 347 2116 sui
372 2045 533 2116 nominis
561 2043 737 2137 oppidum
764 2042 929 2136 adtingit.
1367 2075 1402 2118 11

242 2173 259 2227 a
360 2157 409 2230 At
441 2158 503 2228 ille
536 2156 600 2249 qui
631 2155 808 2247 Scythiae
845 2159 1004 2250 pupulos
1043 2180 1066 2228 a
1102 2157 1339 2249 sequentibus
1367 2191 1399 2236 11

287 2271 440 2361 dirimit,
474 2267 1102 2362 011011101060100011100111100,
1131 2271 1204 2340 alio
1231 2292 1340 2364 quam
1367 2300 1398 2346 ra

286 2383 423 2455 desinit
453 2382 602 2454 nominc
632 2382 808 2451 exoritur.
866 2403 949 2453 nam
979 2403 1045 2474 per
1076 2382 1237 2453 inmania
1264 2405 1339 2453 ma·
1368 2413 1399 2458 11

286 2515 436 2590 gnarum
464 2495 626 2586 gentium
659 2493 721 2565 diu
746 2491 938 2568 Danubius
964 2499 1042 2586 est,
1078 2495 1210 2567 deinde
1235 2497 1341 2567 aliter
1367 2528 1398 2574 11

286 2631 371 2682 aum
395 2607 665 2701 adpellentibus
690 2610 834 2680 accolis
860 2609 900 2678 fit
924 2606 1066 2700 Hister,
1100 2611 1339 2702 acceptisque
1366 2638 1398 2683 19

284 2722 427 2815 aliquot
464 2720 654 2814 amnibuS,
693 2722 823 2815 ingens
861 2722 932 2793 iam
970 2729 1008 2790 et
1045 2742 1173 2792 eorum
1206 2722 1268 2814 qui
1301 2721 1340 2790 in
1365 2750 1398 2794 11

284 2832 463 2905 Nostrum
487 2852 587 2904 mare
615 2831 790 2904 decidunt
814 2838 956 2903 tantum
981 2831 1068 2903 Nilo
1094 2834 1226 2924 minor,
1255 2834 1339 2903 toti·
1364 2864 1397 2910 21

284 2946 367 3018 dem
393 2953 483 3040 quot
508 2947 572 3017 ille
597 2948 717 3038 ostiis,
745 2946 809 3017 sed
828 2944 944 3017 tribus
969 2945 1155 3037 tenuibus,
1181 2946 1339 3039 reliquis
1365 2975 1397 3022 11

241 3081 256 3133 9
286 3057 556 3150 navigabilibus
587 3059 717 3131 effluit.
773 3059 921 3149 ingenia
954 3060 1151 3151 cultusque
1177 3061 1339 3152 gentium
1365 3086 1398 3134 11

285 3170 470 3244 differunt.
533 3170 747 3243 Essedones
779 3169 910 3241 funera
946 3171 1153 3262 parentium
1182 3173 1272 3243 laeti
1304 3182 1400 3245 0111

283 3285 448 3357 victimis
493 3306 538 3356 ac
583 3284 681 3354 festo
727 3283 828 3352 coitu
878 3282 1098 3354 familiarum
1143 3285 1341 3357 celebrant.
1366 3311 1398 3357 11
1430 3344 1437 3355 .

285 3382 441 3490 corpora
465 3397 548 3489 ipsa
573 3395 709 3464 laniata
735 3402 773 3464 et
798 3395 920 3466 caesis
938 3417 1115 3487 pecorum
1132 3398 1340 3469 visceribus
1366 3422 1400 3469 11

285 3511 452 3584 immixta
484 3505 667 3600 epulanda
700 3515 934 3579 consumunt.
990 3511 1113 3600 capita
1143 3509 1207 3580 ubi
1239 3510 1341 3581 fabre
1366 3534 1398 3579 11

285 3625 515 3717 expolirem,
541 3640 631 3691 auro
656 3621 783 3692 vincta
808 3641 877 3713 pro
895 3623 1041 3713 poculis
1059 3633 1202 3714 gerunt.
1248 3624 1340 3694 hacc
1365 3646 1398 3691 11

224 3760 257 3811 10
286 3745 372 3809 sunt
397 3731 496 3826 apud
521 3752 589 3803 eos
614 3733 718 3825 ipsos
745 3733 894 3825 pietatis
913 3735 1041 3805 ultima
1059 3735 1194 3807 officia.
1243 3735 1344 3826 Aga·
1364 3755 1397 3801 11

284 3848 405 3940 thyrsi
431 3865 497 3917 nra
521 3853 699 3939 artusque
724 3848 892 3938 pingunt,
919 3854 961 3918 ut
985 3849 1122 3940 quique
1139 3846 1338 3918 maioribus
1364 3867 1397 3912 so
