3138 4718
285 400 327 464 42
1185 405 1217 458 II.
1237 406 1262 471 3,
1276 406 1338 463 3-4
1351 407 1398 460 Ta.

285 578 392 647 iacet.
456 597 500 647 ac
537 575 706 670 proximo
746 579 911 671 spatiosa
948 589 986 650 et
1024 579 1152 651 Hellas
1191 582 1338 652 nomine
1383 594 1418 662 1·

285 690 413 781 grandi
438 690 559 762 fronte
575 689 758 783 procedit,
785 712 873 762 mox
889 694 980 763 mari
999 701 1155 787 utroque
1173 701 1210 764 et
1225 693 1338 765 Jonio
1381 730 1395 775 2

285 805 410 895 magis
428 804 544 873 latera
568 804 650 875 eius
683 806 862 898 intrante,
897 803 1018 882 donec
1041 814 1214 901 quattuor
1237 809 1340 881 milia
1381 844 1396 888 3

283 936 462 1009 passuum
500 923 643 1009 pateat,
691 915 813 988 media
848 918 964 992 senne
1001 941 1115 1014 prope
1153 921 1337 991 inciditur.
1379 961 1395 1003 4

187 1053 257 1110 238
286 1029 417 1100 deinde
442 1050 588 1101 rursum
620 1031 728 1101 terris
754 1031 827 1103 huc
861 1054 903 1104 se
935 1039 973 1103 et
1003 1032 1111 1124 illuc,
1145 1054 1273 1103 verum
1299 1034 1337 1103 in
1381 1071 1395 1117 5

282 1141 432 1214 lonium
456 1163 554 1214 mare
585 1144 704 1235 inagis
730 1142 1023 1236 expandentibus
1053 1147 1336 1239 progressisque
1378 1184 1394 1229 6

283 1257 320 1326 in
353 1257 483 1349 altum,
523 1276 596 1325 non
628 1263 702 1326 tarn
727 1258 803 1329 lata
833 1275 941 1350 quam
973 1264 1164 1350 coeperat,
1206 1259 1335 1350 ingens
1379 1296 1393 1341 7

284 1376 404 1439 tamen
436 1369 568 1439 iterum
605 1374 642 1439 et
672 1370 779 1462 quasi
812 1369 1080 1461 paeneinsula
1112 1369 1333 1463 extenditru,
1378 1411 1393 1455 8
1511 1446 1518 1458 ,

282 1489 510 1575 vocaturque
526 1480 804 1574 Peloponnesos
828 1480 875 1553 ob
893 1481 997 1553 sinus
1016 1491 1053 1553 et
1069 1484 1333 1577 promunturia,
1378 1522 1392 1566 9

283 1598 365 1689 quis
392 1603 433 1665 ut
456 1594 555 1666 fibris
581 1596 689 1667 litora
713 1593 795 1665 eius
822 1595 942 1666 incisa
966 1601 1064 1689 sunt,
1099 1596 1209 1667 simul
1236 1596 1335 1690 quod
1360 1631 1393 1676 10

282 1710 383 1781 tenui
409 1709 553 1781 tramite
576 1710 617 1779 in
641 1708 738 1779 latus
764 1705 978 1801 effunditur,
1003 1709 1141 1802 platani
1166 1709 1258 1782 folio
1285 1711 1335 1782 si·
1360 1742 1390 1788 ιι

281 1823 444 1894 utillima.
773 1810 776 1816 Α
1120 1884 1123 1887 -
1360 1857 1393 1903 12

219 1952 253 2005 aa
354 1934 386 2007 A
411 1933 633 2006 Macedonia
655 1935 772 2027 prima
798 1939 858 2006 est
871 1931 1077 2029 Thessalia,
1105 1934 1237 2008 deinde
1252 1933 1332 2004 Ma·
1359 1970 1390 2016 η

280 2049 421 2140 gnesia,
449 2044 644 2141 Phthiotis,
670 2045 795 2141 DoriS,
822 2045 965 2141 Locris,
990 2046 1137 2143 Phocis,
1165 2047 1330 2139 Boeotis,
1358 2085 1390 2133 14

279 2160 421 2253 Atthis,
454 2160 637 2254 Megaris,
671 2155 742 2232 sed
771 2161 932 2233 omniurn
958 2162 1078 2234 Atthis
1111 2161 1331 2234 clarissima:
1357 2198 1389 2245 15

280 2277 318 2344 in
359 2271 618 2367 Peloponneso
660 2272 825 2365 Argolis,
883 2271 1081 2363 Laconica,
1127 2273 1328 2364 Messenia,
1357 2313 1389 2360 1,

280 2387 430 2482 Achaia,
456 2386 548 2482 Elis,
574 2385 747 2458 Arcadia:
772 2391 867 2459 ultra
882 2386 1037 2482 Aetolia,
1064 2385 1271 2459 Acarnania
1295 2394 1333 2457 et
1357 2426 1389 2475 1⁷

218 2526 254 2579 40
279 2499 411 2595 Epiros
437 2520 557 2595 usque
574 2500 611 2571 in
628 2496 836 2572 *Hadriam
878 2500 926 2571 de
941 2502 1037 2572 locis
1055 2507 1166 2595 atque
1181 2501 1330 2573 urbibus
1357 2538 1388 2585 1⁸

280 2635 375 2708 quae
405 2635 504 2684 mare
535 2633 611 2685 non
641 2613 757 2685 adluit
788 2613 880 2685 haec
910 2614 1069 2687 maxime
1096 2614 1331 2701 memoranda
1356 2646 1387 2696 ιθ

280 2735 382 2798 sunt:
407 2729 445 2797 in
468 2724 661 2799 Thessalia
684 2749 782 2799 nunc
798 2725 945 2798 Larissa
970 2727 1167 2821 aliquando
1183 2727 1328 2819 Joloos,
1354 2761 1387 2808 20

278 2844 316 2912 in
347 2839 540 2933 Magnesia
569 2841 763 2933 Autronia,
803 2842 840 2911 in
872 2838 1080 2912 Phthiotide
1110 2839 1257 2932 Phthia,
1290 2842 1329 2910 in
1354 2872 1386 2920 21

278 2952 433 3025 Locride
465 2952 595 3045 Cynos
627 2961 664 3025 et
696 2950 895 3047 Calliaros,
935 2956 973 3024 in
1003 2951 1164 3023 Phocide
1194 2949 1329 3045 Delphi
1354 2986 1387 3031 22

278 3073 316 3137 et
339 3087 444 3138 mons
470 3064 673 3139 Parnassos
700 3075 736 3138 et
753 3065 936 3158 Apollinis
961 3066 1086 3135 fanum
1111 3071 1224 3158 atque
1247 3084 1328 3136 ora·
1353 3097 1385 3142 aa

278 3181 421 3272 culum,
461 3181 499 3251 in
531 3178 685 3252 Boeotia
714 3176 860 3250 Thebae
897 3185 934 3247 et
965 3174 1161 3249 Cithaeron
1191 3179 1328 3250 fabulis
1353 3208 1386 3254 aa

214 3316 248 3368 41
278 3292 574 3387 carminibusque
600 3293 822 3376 celebratus3
849 3291 887 3359 in
911 3287 1060 3361 Atthide
1083 3288 1234 3363 Eleusin
1258 3292 1327 3363 Ce·
1353 3320 1384 3368 aa

276 3407 350 3476 reri
388 3415 622 3499 consecrata,
660 3412 698 3475 et
734 3402 910 3474 clariores
949 3420 1058 3496 quam
1095 3414 1137 3475 ut
1174 3405 1328 3476 indicari
1352 3436 1384 3482 aa

277 3524 409 3611 egeant
432 3519 609 3604 Athenae,
636 3518 674 3586 in
691 3514 881 3609 Megaride
905 3513 1002 3587 rmde
1026 3519 1170 3609 regioni
1194 3540 1328 3592 nomen
1352 3546 1383 3591 rr

277 3639 336 3702 est
359 3631 521 3722 Megara,
549 3630 651 3698 utin
676 3629 850 3720 Argolide
875 3630 996 3723 Argos
1022 3638 1059 3701 et
1082 3629 1266 3722 Mycenae
1291 3640 1328 3702 et
1351 3657 1383 3702 aa

276 3746 450 3837 templum
467 3740 490 3812 J
493 3742 624 3813 unonis
642 3751 829 3814 vetustate
846 3753 883 3815 et
902 3744 1082 3837 religione
1098 3744 1323 3838 percelebre,
1350 3764 1383 3810 aa

275 3861 313 3929 iu
338 3855 522 3927 Laconide
552 3852 782 3949 Therapnae,
821 3855 1093 3949 Lacedaemon,
1133 3859 1322 3949 Amyclae,
1349 3876 1383 3923 ao
