3138 4718
162 381 183 432 1.
199 378 446 447 rna-reem.
819 428 822 434 ι
1234 385 1275 447 25

182 582 194 626 1
221 555 366 629 faciem.
415 574 528 650 super
551 558 742 650 angustias
766 557 854 631 hinc
878 554 998 632 *Teos
1024 559 1126 631 illinc
1144 555 1275 630 Clazo-

182 687 370 761 menae,
404 689 477 762 qua
508 674 611 762 terga
641 678 755 762 egunt
786 671 955 744 confiniov
976 670 1142 745 adnexae
1166 672 1274 764 muri,

182 805 197 852 ι
223 781 384 854 diversis
410 781 592 854 frontibus
624 780 774 855 diversa
797 785 913 856 maria
937 790 1187 912 prospectant.
1237 785 1276 856 in

181 920 198 965 4
222 893 307 986 ipsa
328 914 446 987 paene
470 895 676 968 insulat
617 901 676 976 est
692 893 856 986 Coryna.
904 898 944 969 in
970 897 1055 969 sinu
1071 898 1275 988 Smyrnaeo

182 1032 197 1078 s
223 1013 283 1078 est
302 1004 535 1080 Thermodon
559 1008 740 1080 amniset
725 1008 851 1083 turbs
876 1008 1010 1151 leuca,
1038 1020 1142 1083 extra
1157 1006 1275 1083 *Pno-

182 1141 313 1193 ecnea
335 1120 469 1195 Joniae
493 1109 631 1195 ultima

181 1262 197 1307 ι
294 1230 468 1306 Proxima
491 1234 607 1330 regio,
639 1256 687 1308 ex
713 1256 787 1331 quo
812 1235 858 1309 ab
883 1186 1024 1311 Aeoliis
1050 1240 1165 1311 incoli
1190 1260 1275 1312 eoe-
1305 1242 1373 1301 loo

181 1347 278 1439 epit
263 1324 427 1420 tAeolis
460 1347 574 1440 faeta,
607 1356 693 1420 ante
718 1348 857 1444 Mysia,
891 1355 930 1423 et
957 1372 1030 1445 qua
1054 1349 1275 1447 Hellespon·

181 1490 196 1536 ι
222 1467 300 1532 tum
329 1459 502 1554 adtingit,
534 1459 702 1534 Troianis
735 1461 1011 1555 possidentibus
1043 1461 1159 1537 Troas
1192 1466 1274 1538 fuit

165 1597 197 1646 ιι
221 1574 373 1667 primam
398 1574 541 1647 urbium
567 1596 589 1646 a
613 1574 765 1666 Myrino
791 1576 982 1649 conditore
998 1576 1184 1669 Myrinam
1207 1600 1275 1651 vo·

165 1713 196 1759 11
222 1695 326 1779 cant,
359 1694 574 1781 sequentem
604 1686 740 1782 Pelops
773 1691 919 1784 statuit,
951 1691 1054 1764 victo
1085 1690 1275 1765 Oenomao

165 1825 198 1874 ιι
221 1821 396 1873 reversus
422 1822 471 1872 ex
487 1800 661 1888 Graecia3
688 1799 831 1893 Cymen
854 1804 1057 1876 nominavit
1074 1804 1195 1899 pulsis
1213 1808 1276 1900 qui

165 1940 197 1989 ιι
220 1912 475 1988 habitaverant
491 1913 568 1984 dux
583 1912 812 1987 Amazonum
829 1914 958 2007 Cyme.
1009 1939 1121 2012 supra
1140 1916 1274 1991 Caicus

165 2053 197 2100 ιι
220 2025 317 2097 inter
339 2024 489 2097 Elaeam
515 2026 675 2100 decurrit
698 2032 738 2099 et
760 2026 934 2123 Pitanen,
963 2031 1064 2105 illam
1090 2053 1184 2125 quae
1207 2030 1276 2104 Aa.

165 2164 196 2212 ιι
222 2130 390 2210 chesilan
415 2139 513 2228 tulit,
545 2139 635 2211 nihil
665 2138 887 2225 adfirmantis
912 2142 1122 2216 academiae
1148 2146 1274 2216 claris·

165 2279 196 2326 ιι
221 2254 354 2324 simum
377 2254 589 2326 antistitem.
639 2256 717 2324 tum
742 2252 780 2324 in
806 2257 1060 2346 promunturio
1085 2263 1143 2328 est
1167 2256 1274 2347 Cyna
1301 2276 1333 2329 91

164 2391 196 2439 ιι
221 2365 415 2462 oppidum,
454 2365 553 2462 quod
583 2374 861 2460 praetervectos
894 2370 998 2440 sinus
1030 2370 1168 2463 exeipit
1198 2392 1273 2444 non

165 2507 196 2554 ιι
220 2500 359 2573 parvus
392 2479 460 2553 sed
490 2483 600 2572 longe
631 2502 677 2552 ae
708 2482 869 2553 molliter
897 2482 1035 2575 denua,
1067 2481 1274 2557 retrahens-

3 2624 5 2655 ;
117 2604 120 2609 ’
164 2621 196 2668 ιι
222 2613 294 2687 que
324 2594 499 2687 paulatim
536 2615 621 2666 oras
659 2615 778 2690 usque
812 2593 860 2666 ad
896 2595 970 2667 ima
998 2598 1136 2697 montis
1167 2596 1273 2669 Jdae.

163 2734 196 2782 ιι
220 2707 253 2778 is
279 2709 398 2799 primo
421 2707 546 2801 parvis
570 2706 719 2779 urbibus
737 2728 911 2802 aspersus
929 2716 1000 2797 est,
1028 2730 1181 2803 quarum
1199 2712 1273 2782 cla·

126 2807 131 2812 ’
162 2845 194 2892 ιι
220 2820 367 2892 rissima
404 2827 463 2890 est
500 2817 661 2892 Cistena.
725 2823 863 2912 gremio
905 2823 1078 2895 interiore
1121 2835 1294 2917 campus

162 2956 195 3004 ιι
219 2930 343 3005 Thebe
374 2933 539 3019 nomine3
576 2931 839 3026 Adrymetion,
876 2932 1067 3029 Austrum,
1102 2935 1273 3009 Cressam

162 3068 195 3120 ιι
219 3045 359 3139 oppida
389 3047 520 3118 eodem
552 3067 627 3141 quo
658 3045 757 3118 dicta
788 3054 875 3119 sunt
911 3047 1039 3120 ordine
1068 3048 1274 3121 adiacentia

162 3160 404 3253 recontinet,
447 3159 487 3231 in
528 3160 645 3231 altero
683 3159 797 3230 latere
834 3157 1073 3232 Antandrum.
1136 3162 1273 3256 duplex
1300 3180 1333 3233 ιι

162 3298 195 3346 ιι
221 3293 335 3345 causa
370 3272 530 3344 nominis
568 3274 736 3343 iactatur.
792 3272 855 3343 alii
891 3270 1092 3344 Ascanium
1125 3272 1273 3346 Aeneae

162 3411 195 3457 ιι
220 3384 334 3457 filium
360 3406 443 3457 cum
467 3385 519 3456 ibi
543 3390 712 3477 regnaret
743 3391 890 3478 captum
921 3405 944 3454 a
969 3383 1134 3478 Pelasgis
1161 3408 1205 3458 ea
1231 3409 1272 3460 se

162 3523 195 3570 ιι
219 3496 421 3571 redemisse
447 3506 746 3591 commemorant,
779 3498 843 3569 alii
876 3498 921 3570 ab
947 3499 1004 3571 his
1030 3506 1160 3593 putant
1185 3521 1272 3573 con-

162 3633 194 3678 ιι
220 3609 333 3683 ditem
366 3634 459 3704 quos
493 3633 541 3682 ex
565 3609 690 3682 Andro
715 3612 837 3683 insula
867 3613 928 3683 vis
959 3620 997 3684 et
1021 3611 1156 3686 seditio
1185 3633 1272 3685 exe·

162 3745 195 3791 ιι
219 3732 334 3816 gerat
376 3726 415 3796 hi
439 3723 667 3797 Antandrum
692 3726 800 3820 quasi
824 3746 893 3818 pro
918 3723 1056 3819 Andro,
1083 3728 1139 3798 illi
1165 3729 1271 3822 quasi

161 3856 194 3903 ιι
218 3858 286 3929 pro
311 3839 392 3910 viro
418 3838 539 3931 accipi
565 3841 706 3910 volunt.
