3134 4710
182 372 230 427 111.
251 371 276 436 5,
287 373 349 426 4-6
362 370 406 424 Tz.
1249 379 1289 440 71

201 576 212 619 1
240 567 331 639 quas
359 547 630 621 Sauromatidas
663 549 870 640 adpellant,
906 550 952 620 ad
977 548 1205 639 Hyrcanium
1229 550 1291 623 Al-

198 689 213 734 a
239 659 323 730 bani
349 666 386 742 et
410 659 537 732 Mocbi
564 672 600 732 et
624 661 804 754 Hyrcani⁷
822 659 868 732 'in
886 662 1063 754 Scythico
1081 663 1229 735 Amerdi
1254 676 1291 737 et

198 803 213 848 a
239 771 376 845 Pestici
401 782 439 845 et
468 776 540 845 iam
570 773 618 843 ad
642 775 776 846 fretum
801 774 991 846 Debrices.
1048 778 1154 847 multi
1181 779 1218 848 in
1245 801 1291 850 eo

196 914 212 957 r
238 890 321 958 sinu
346 890 467 980 magni
494 889 673 980 parvique
691 910 817 961 amnes
834 889 965 980 fluunt,
994 891 1060 960 sed
1079 891 1141 987 qui
1157 891 1290 963 famam

197 1028 212 1074 s
236 999 385 1085 babent;
412 1023 460 1072 ex
477 1000 654 1073 Ceraunis
678 1001 863 1074 montibus
882 1024 955 1074 uno
972 1003 1081 1074 alveo
1100 1002 1292 1076 descendit
1361 1051 1362 1054 =

197 1147 211 1193 ⁶
239 1114 452 1205 [Albanus],
481 1114 624 1187 duobos
652 1118 727 1186 exit
752 1118 790 1187 in
817 1115 991 1210 Caspium
1016 1117 1156 1191 Araxes
1180 1116 1291 1190 Tauri

197 1231 349 1306 elatere
376 1228 572 1301 demissus.
625 1230 746 1322 quoad
777 1250 930 1322 campos
956 1231 1146 1302 Armeniae
1172 1239 1287 1324 secat,
1317 1242 1388 1300 840

195 1372 210 1416 a
235 1341 369 1412 labitur
394 1341 561 1435 placidus
587 1349 625 1413 et
650 1344 777 1434 silens,
805 1364 925 1437 neque
950 1345 989 1413 in
1015 1350 1132 1414 utram
1150 1352 1289 1437 partem

194 1487 209 1530 a
234 1463 306 1547 eat,
326 1475 542 1551 quamquam
560 1456 750 1547 intuearis⁷
771 1455 1005 1527 manifestus:
1023 1477 1108 1529 cum
1125 1459 1163 1531 in
1181 1479 1288 1550 aspe-

178 1570 331 1645 1oriora
368 1569 519 1640 devenit
549 1570 634 1640 binc
665 1579 776 1662 atque
810 1570 913 1641 illino
939 1570 1091 1662 rupibus
1121 1592 1287 1667 pressus,

177 1710 207 1754 11
235 1688 272 1751 et
298 1689 433 1774 quanto
460 1682 652 1773 angustior
677 1689 778 1752 tanto
800 1683 920 1774 'magis
945 1683 1076 1774 pernix
1092 1682 1229 1774 frangit
1247 1705 1288 1756 se

177 1817 209 1862 12
234 1792 388 1864 subinde
414 1793 461 1863 ad
486 1794 660 1886 opposita
685 1794 861 1884 cautium,
889 1800 999 1888 atque
1022 1794 1069 1865 ob
1093 1794 1130 1866 id
1149 1795 1287 1888 ingenti

177 1928 208 1974 ra
234 1927 317 1976 oum
348 1926 531 1977 murmure
564 1926 776 1998 sanansque
802 1906 1034 2000 devolvitur⁷
1069 1907 1163 1978 adeo
1189 1909 1285 1981 citus

176 2045 207 2091 14
232 2026 273 2088 ut
298 2039 371 2112 qua
397 2039 444 2089 ex
469 2017 664 2111 praecipiti
689 2019 728 2088 in
755 2017 921 2089 subiecta
947 2040 1102 2091 casurus
1129 2027 1284 2093 estnon

175 2161 206 2207 ιε
232 2131 393 2204 declinet
418 2133 540 2202 statim
572 2131 726 2223 undam,
761 2129 828 2202 sed
855 2134 955 2201 ultra
987 2154 1095 2224 quarn
1121 2135 1285 2203 canalem

175 2274 206 2320 ra
230 2244 339 2316 habet
365 2246 509 2342 evehat,
536 2247 621 2338 plus
639 2245 776 2336 ingeris
795 2246 916 2336 spatio
936 2243 1104 2316 sublimis
1123 2254 1160 2315 et
1176 2247 1283 2339 aquis

175 2389 206 2435 1⁷
230 2356 471 2448 pendentibus
498 2365 614 2429 semet
638 2359 719 2450 ipse
745 2358 826 2428 sine
851 2360 960 2429 alveo
985 2358 1125 2429 ferens:
1152 2357 1283 2429 deinde

174 2500 205 2546 ra
232 2468 294 2541 ubi
319 2472 494 2543 incurvus
521 2479 746 2564 arcuatoque
771 2490 878 2543 amne
904 2469 1097 2542 deseendit
1121 2469 1161 2540 fit
1187 2479 1282 2540 tran·

173 2611 205 2657 ro
230 2584 379 2676 quillus,
398 2583 605 2678 iterumque
621 2605 688 2678 per
705 2605 857 2676 campos
876 2586 1010 2663 tacitus
1028 2592 1065 2654 et
1083 2583 1147 2654 vix
1163 2581 1282 2655 fluens

171 2723 203 2769 πο
228 2699 265 2768 in
291 2698 328 2768 id
353 2700 443 2768 litus
465 2698 636 2769 elabitur.

170 2834 226 2882 rrw
295 2809 431 2901 Cyrus
476 2821 514 2883 et
551 2810 756 2903 Cambyses
790 2834 842 2883 ex
884 2812 1069 2884 radicibus
1109 2812 1281 2884 Coraxici
1308 2825 1341 2876 41

169 2945 203 2992 aa
227 2926 364 2995 montis
395 2925 529 2995 vicinis
566 2925 731 2995 fontibus
763 2925 851 2996 editi
883 2928 921 2996 in
953 2925 1101 2997 diversa
1132 2927 1279 3019 abeunt,

168 3055 201 3102 ra
226 3060 365 3133 perque
389 3038 545 3110 Hiberas
572 3046 609 3109 et
632 3037 830 3130 Hyrcanos
863 3039 926 3109 diu
958 3046 995 3110 et
1026 3042 1180 3110 multum
1206 3040 1279 3109 dis-

168 3170 201 3216 rr
226 3151 385 3222 tentibus
416 3153 535 3222 alveis
568 3152 752 3240 defluunt,
786 3159 872 3242 post
902 3170 976 3221 non
1007 3152 1116 3241 longe
1141 3153 1279 3221 amari

167 3285 200 3333 aa
225 3266 355 3336 eodem
381 3266 464 3335 lacu
491 3267 634 3357 accepti
660 3266 698 3334 in
714 3263 944 3354 Hyrcanium
971 3264 1093 3333 sinum
1117 3283 1191 3334 uno
1214 3285 1278 3334 ore

167 3400 200 3448 aa
224 3380 454 3472 perveniunt.
492 3377 663 3448 Jaxartes
683 3384 720 3448 et
736 3369 966 3470 perdeserta
981 3376 1157 3468 Scythiae
1171 3375 1275 3448 Oxos
1304 3392 1339 3444 ta

167 3513 199 3560 rr
225 3511 271 3562 ex
297 3491 559 3571 Surdianorum
584 3489 796 3582 regionibus
823 3491 861 3559 in
884 3490 1100 3580 Scythicum
1125 3497 1274 3581 exeunt,

165 3625 198 3672 aa
223 3604 286 3674 ille
312 3624 382 3674 suo
407 3604 510 3674 fonte
536 3602 699 3695 grandis,
726 3603 787 3674 hic
813 3603 964 3675 incursu
989 3604 1145 3675 aliorum
1170 3626 1274 3696 gran·

164 3736 197 3782 re
223 3715 322 3808 dior,
357 3725 394 3788 et
425 3717 649 3810 aliquamdiu
683 3715 729 3786 ad
761 3737 938 3788 occasum
968 3717 1013 3787 ab
1046 3719 1185 3789 oriente
1210 3739 1272 3787 oc·

164 3848 374 3901 accurrens
401 3830 504 3899 iuxta
520 3827 643 3899 Dahas
670 3828 825 3920 primum
850 3829 1057 3921 inflectitur,
1086 3851 1271 3923 cursuque
