3138 4718
286 377 326 439 10
1130 378 1150 430 Ι.
1170 377 1195 442 5,
1211 379 1336 443 1-6,1
1352 379 1396 432 Τι.

284 552 389 623 aliter
427 550 494 621 sed
526 550 623 620 idem
658 549 887 640 significante
921 548 1105 623 vocabulo
1143 553 1338 648 appellant
1385 581 1395 623 1

189 674 201 730 1
222 677 256 731 ιι
285 664 394 735 ineo
420 670 479 734 est
503 682 639 754 specus
666 659 819 733 Herculi
852 683 970 752 sacer,
1004 671 1041 734 ct
1066 665 1161 736 ultra
1187 686 1339 758 specum
1382 691 1396 736 ι

283 774 399 867 Tinge
433 772 607 866 oppidum
642 780 818 865 pervetus
853 771 909 867 ab!
929 773 1090 864 Antaeo,
1132 783 1172 847 ut
1202 776 1337 866 lerunt,
1382 802 1397 847 ι

285 887 486 971 conditum.
550 892 652 957 extat
680 887 737 956 ‘rei
770 888 915 982 signum
946 909 1073 979 parma
1104 889 1339 982 elephantino
1381 918 1396 961 4

284 1001 419 1092 tergori
453 1005 584 1070 execta
620 1001 751 1089 ingens
784 1005 821 1068 ct
853 999 900 1070 ob
931 1000 1216 1092 magnitudinem
1246 1004 1339 1072 nulli
1382 1028 1397 1073 ι

284 1135 382 1184 nunc
408 1134 523 1188 usuro
547 1111 694 1202 habilis,
722 1133 830 1204 quam
856 1113 1024 1184 locorum
1042 1116 1194 1186 accolae
1210 1113 1254 1185 ab
1273 1116 1337 1186 illo
1381 1142 1395 1186 ι

285 1233 463 1317 gestatam
481 1246 550 1318 pro
567 1246 658 1296 vero
672 1223 806 1296 habent
820 1224 1038 1317 traduntque
1052 1225 1189 1297 atinde
1204 1227 1338 1297 eximie
1382 1256 1396 1299 ι

184 1337 187 1343 ’
223 1355 256 1408 ar
284 1341 423 1411 colunt.
474 1336 606 1408 deinde
637 1342 696 1408 est
724 1358 831 1408 mons
856 1340 1061 1429 praealtus,
1096 1341 1130 1409 ei
1159 1361 1265 1434 quem
1292 1361 1339 1410 cx
1382 1369 1396 1413 a

284 1452 444 1525 adverso
468 1448 651 1543 Hispania
681 1450 826 1523 adtollit
857 1448 1041 1525 obiectus:
1073 1453 1171 1523 hunc
1196 1450 1338 1523 Abilam
1381 1482 1395 1524 ι

285 1566 389 1637 illum
401 1563 540 1656 Calpen
558 1570 706 1653 vocant,
726 1561 925 1633 Columnas
940 1562 1112 1636 Herculis
1132 1573 1337 1659 utrumque.
1365 1591 1395 1636 ιι

182 1716 187 1724 ·
285 1677 387 1749 addit
411 1677 509 1747 fama
525 1675 685 1748 nominis
702 1673 875 1767 fabulam,
903 1674 1101 1749 Herculem
1120 1680 1241 1771 ipsum
1259 1680 1338 1750 iun·
1364 1703 1394 1747 ιι

285 1798 367 1863 ctos
393 1791 481 1861 olim
512 1795 690 1881 perpetuo
721 1789 809 1878 iugo
840 1787 1033 1860 diremisse
1058 1792 1194 1882 colles,
1227 1801 1395 1885 atquem

285 1904 337 1973 ita
370 1903 564 1973 exclusum
601 1908 709 1971 antea
744 1902 842 1973 mole
870 1903 1049 1972 montium
1081 1923 1259 1975 oceanum
1290 1903 1336 1975 ad
1364 1928 1394 1974 ιι

286 2035 379 2107 quae
404 2035 502 2084 nunc
527 2012 680 2084 inundat
696 2011 907 2086 admissum.
946 2014 1006 2085 hic
1024 2015 1095 2084 iam
1113 2037 1208 2088 mare
1225 2017 1335 2086 latius
1363 2045 1394 2090 ιι

284 2127 462 2217 funditur,
481 2125 743 2219 submotasque
760 2126 904 2197 vastius
923 2135 1039 2198 terras
1052 2149 1185 2219 magno
1198 2127 1335 2219 impetu
1363 2156 1394 2202 ιι

222 2253 256 2305 28
284 2238 448 2310 inflectit.
482 2244 654 2310 ‘ceterum
679 2239 783 2330 regio
808 2237 982 2330 ignobilis
1003 2246 1039 2310 et
1056 2240 1122 2310 vix
1139 2239 1336 2332 quidquam
1363 2270 1394 2315 ιι

283 2354 440 2423 inlustre
479 2353 609 2423 sortita
645 2351 771 2444 parvis
805 2352 953 2445 oppidis
984 2351 1184 2443 habitatur,
1223 2375 1337 2446 parva
1364 2384 1394 2430 ιι

284 2466 435 2537 llumina
459 2466 603 2558 emittit,
632 2464 714 2535 solo
741 2485 850 2556 quam
867 2465 958 2535 viris
979 2466 1163 2537 melioret
1180 2467 1338 2557 segnitia
1364 2496 1395 2540 ιι

222 2595 257 2648 ιι
285 2578 404 2669 gentis
431 2578 600 2649 obscura.
643 2598 690 2647 ex
714 2575 772 2646 his
795 2583 916 2676 tamen
941 2597 1035 2667 quae
1051 2596 1336 2649 commemorare
1363 2606 1394 2651 ιι

283 2711 358 2760 non
383 2691 485 2781 piget
501 2694 644 2760 montes
663 2694 749 2757 sunt
765 2688 830 2756 alti
849 2688 911 2780 qui
928 2688 1158 2773 continenter
1175 2694 1213 2758 ct
1230 2691 1335 2780 quasi
1361 2718 1394 2764 ιι

285 2803 331 2875 de
357 2802 539 2873 industria
564 2803 601 2872 in
627 2800 790 2872 ordinem
816 2800 980 2892 expositi
997 2797 1044 2869 ob
1060 2820 1251 2869 numerum
1270 2799 1335 2870 Se·
1361 2829 1392 2876 ιι

284 2925 383 3009 ptem
408 2914 455 2986 ob
482 2913 756 2984 similitudinem
781 2908 926 2984 Fratres
951 2918 1218 3005 nuncupantur.
1264 2911 1335 2984 'Fu-
1361 2942 1394 2987 ιι

283 3028 417 3098 muada
440 3026 590 3115 fluvius,
618 3032 655 3098 et
671 3022 858 3116 Rusigada
880 3031 918 3095 ct
940 3024 1027 3116 Siga
1051 3046 1188 3117 parvae
1211 3025 1334 3117 urbes,
1361 3053 1393 3099 ιι

285 3147 323 3210 et
346 3145 475 3233 portus
501 3137 563 3207 eui
587 3134 726 3229 Magno
757 3144 817 3208 est
848 3157 1052 3228 cognomen
1083 3137 1131 3207 ob
1164 3140 1393 3232 spatiumst

284 3249 462 3322 Mulucha
487 3251 549 3321 ille
580 3269 688 3341 quern
714 3247 874 3319 diximus
900 3250 1016 3320 amnis
1043 3258 1102 3321 est
1124 3272 1225 3322 nunc
1249 3274 1336 3344 gen·
1361 3277 1393 3324 ιι

284 3365 376 3433 tium
413 3363 501 3433 olim
538 3380 733 3453 regnorum
773 3383 920 3455 quoque
958 3364 1153 3454 terminus,
1198 3361 1336 3436 Bocchi
1361 3393 1393 3438 ιι

283 3473 570 3567 Jugurthaeque.
1361 3502 1391 3547 ιι

222 3601 257 3654 30
356 3583 412 3656 Ab
450 3608 495 3657 eo
533 3585 705 3657 Numidia
743 3587 788 3657 ad
826 3587 926 3679 ripas
969 3588 1140 3679 exposita
1175 3589 1334 3661 fluminis
1360 3612 1391 3657 ιι

284 3699 456 3791 Ampsaci
476 3702 596 3793 spatio
614 3700 760 3792 quidem
779 3720 886 3793 quam
901 3699 1130 3772 Mauretania
1147 3703 1335 3793 angustior
1359 3720 1391 3764 ιι

285 3819 354 3899 est,
382 3833 509 3886 verum
536 3823 574 3884 et
599 3815 698 3885 culta
723 3813 840 3903 magis
861 3819 898 3883 et
916 3812 1037 3884 ditior.
1082 3813 1223 3886 urbium
1242 3832 1333 3905 quas
1358 3831 1391 3876 ao
