3138 4718
182 421 203 474 1.
225 421 339 487 raa-4
352 419 397 473 rz.
1254 419 1294 483 21

202 615 352 689 1quam
383 602 424 667 ut
454 593 612 666 describi
648 592 765 666 facile
790 594 912 686 possit
942 593 1110 666 eximius.
1168 592 1297 686 grandi

201 733 216 778 2
241 728 400 801 namque
424 706 526 780 hiatu
550 712 682 798 patens
713 711 875 777 montem
899 706 999 780 litori
1023 703 1234 798 adpositum
1259 713 1297 777 et

201 819 370 893 adecem
401 818 604 891 stadiorum
634 819 732 890 clivo
764 819 855 891 satis
888 817 1043 919 arduum
1074 839 1122 890 ex
1151 836 1295 890 summo

200 962 216 1007 4
243 935 368 1006 statim
393 934 533 1005 vertice
558 933 687 1025 aperit.
728 938 817 1003 tuno
841 933 915 1003 alte
933 930 1165 1004 dimissuset
1181 952 1295 1024 quan-

201 1076 216 1121 a
241 1056 319 1118 tum
345 1044 535 1118 dimittitur
559 1044 714 1136 amplior
738 1043 836 1115 viret
851 1045 946 1116 lucis
964 1044 1209 1137 pendentibus
1227 1065 1295 1115 un-

200 1189 215 1233 a
241 1154 371 1253 dique,
404 1163 442 1228 et
467 1162 584 1229 totum
610 1176 652 1228 se
676 1177 873 1229 nemoroso
899 1159 1053 1228 laterum
1087 1157 1175 1230 orbe
1207 1178 1295 1229 corr·

201 1301 215 1346 r
240 1272 428 1367 plectitur:
466 1269 560 1341 adeo
590 1269 764 1341 mirificus
798 1290 843 1341 ac
872 1269 1044 1364 pulcher,
1079 1276 1121 1341 ut
1150 1277 1293 1345 mentes

200 1383 496 1456 succedentium
520 1384 637 1476 primo
669 1389 823 1477 aspectu
855 1388 1087 1476 consternat,
1119 1382 1182 1455 ubi
1207 1405 1294 1456 con·

200 1498 408 1590 ntemplari
440 1495 620 1567 duravere
649 1516 725 1566 non
750 1498 871 1569 satiet
929 1517 1027 1568 unus
1059 1498 1096 1569 in
1122 1517 1206 1567 eum
1232 1497 1295 1568 de·
1324 1509 1392 1568 173

183 1636 215 1682 ro
240 1630 398 1681 soensus
424 1614 483 1680 cst
506 1614 687 1701 angustus
711 1629 821 1701 asper
844 1611 1125 1703 quingentorum
1142 1616 1179 1680 et
1195 1610 1295 1680 mille

184 1728 224 1796 11‘
240 1744 417 1816 passuum
455 1743 521 1815 per
558 1734 736 1794 amoenas
772 1721 918 1794 umbras
956 1729 994 1794 et
1026 1742 1151 1816 opaca
1177 1724 1294 1796 silvae
1396 1792 1402 1803 ,

183 1862 215 1908 12
241 1837 414 1930 quiddam
439 1841 584 1929 agreste
601 1838 822 1929 resonantis,
851 1838 943 1909 rivis
959 1832 1045 1910 hinc
1062 1844 1172 1930 atque
1191 1838 1295 1908 illinc

183 1974 214 2020 ra
240 1948 478 2021 fluitantibus.
535 1946 598 2018 ubi
629 1948 676 2019 ad
709 1950 791 2019 ima
815 1959 1032 2043 perventum
1064 1956 1123 2022 est
1147 1971 1294 2021 rursum

183 2084 214 2129 14
240 2084 375 2156 specus
410 2064 503 2134 alter
539 2052 700 2154 aperitur
722 2059 784 2147 ‚ob
822 2062 894 2134 alia
930 2063 1121 2135 dicendus.
1184 2071 1294 2135 terret

181 2196 214 2243 ra
239 2175 485 2268 ingredientes
503 2161 628 2246 sonitu
644 2174 899 2264 cymbalorum
912 2175 1092 2248 divinitus
1110 2183 1148 2247 et
1159 2197 1292 2270 magno

182 2308 213 2353 ra
238 2287 384 2381 fragore
410 2288 676 2382 crepitantium.
734 2286 865 2361 deinde
896 2287 1118 2381 aliquamdiu
1151 2292 1292 2383 perspi·
1320 2301 1355 2356 74

83 2446 90 2457 ·
182 2424 213 2468 ιτ
239 2423 346 2495 cuns,
374 2422 462 2472 mox
487 2408 526 2472 et
549 2420 622 2493 quo
648 2400 767 2491 magis
792 2400 937 2473 subitur
958 2400 1162 2493 obscurior,
1191 2401 1293 2473 ducit
1364 2458 1370 2469 ,

182 2537 213 2583 rr
239 2536 353 2589 ausos
384 2515 552 2608 penitus,
592 2513 739 2606 alteque
771 2516 879 2607 quasi
914 2514 1088 2586 cuniculo
1120 2513 1291 2585 admittit.

182 2652 212 2697 rr
237 2626 289 2698 ibi
320 2628 450 2719 ingens
483 2627 600 2697 amnis
632 2626 771 2717 ingenti
800 2625 903 2698 fonte
937 2648 978 2698 se
1002 2627 1187 2697 extollens
1213 2633 1292 2698 tan·

179 2763 212 2808 ro
237 2738 425 2811 tummodo
458 2761 500 2811 se
533 2738 714 2832 ostendit,
754 2746 792 2812 et
829 2738 892 2811 ubi
924 2761 1095 2832 magnum
1126 2741 1291 2833 inpetum

179 2879 210 2925 21
236 2853 340 2924 brevi
370 2854 478 2925 alveo
510 2853 623 2923 traxit
638 2853 787 2923 iterum
819 2851 1008 2925 demersus
1039 2851 1289 2924 absconditur.

51 2962 58 2974 '
178 2991 211 3038 rr
236 2968 332 3038 intra
356 2966 515 3058 spatium
547 2973 605 3035 est
634 2966 752 3056 magis
786 2986 895 3058 quam
921 2974 971 3036 ut·
991 2965 1162 3059 progredi
1190 2966 1289 3060 quis·

178 3103 211 3149 ra
237 3100 345 3175 quam
377 3078 476 3150 ausit
507 3076 681 3148 horribile
713 3086 751 3148 et
785 3079 869 3151 ideo
895 3079 1132 3169 incognitum.
1188 3085 1289 3150 totus
1317 3092 1351 3145 75

178 3214 211 3260 rr
236 3200 359 3264 autem
384 3198 564 3283 angustus
591 3198 629 3261 et
653 3210 742 3261 vere
769 3212 887 3283 sacer,
917 3188 1145 3283 habitarique
1169 3212 1192 3259 a
1216 3190 1287 3260 diis

179 3328 211 3377 ra
236 3314 273 3377 et
304 3304 437 3397 dignus
478 3313 515 3375 et
552 3301 737 3397 creditus,
776 3304 866 3374 nihil
904 3323 978 3375 non
1008 3301 1220 3374 venerabile
1251 3310 1289 3373 et

178 3442 211 3488 ra
237 3418 344 3512 quasi
369 3438 454 3489 cum
479 3417 604 3509 aliquo
631 3417 781 3487 numine
798 3437 840 3488 se
857 3422 1030 3488 ostentat.
1080 3416 1175 3487 alius
1193 3417 1288 3487 ultra
1314 3426 1348 3481 ta

178 3554 211 3600 rr
235 3538 294 3604 est
319 3550 427 3625 quem
439 3527 682 3623 Typhoneum
707 3537 857 3622 vocant,
884 3550 949 3601 ore
966 3536 1124 3621 angusto
1141 3536 1179 3600 et
1193 3530 1291 3598 mul-2

178 3664 210 3711 aa
235 3650 331 3735 tum,
359 3651 400 3715 ut
424 3644 566 3736 experti
591 3640 792 3732 tradidere,
819 3661 992 3735 pressus,
1023 3649 1062 3713 ct
1086 3640 1133 3713 ob
1158 3641 1198 3712 id
1223 3641 1285 3712 ad·

177 3778 210 3824 rc
236 3754 341 3828 sidua
366 3761 476 3828 nocte
507 3752 672 3828 suffusus
703 3775 824 3846 neque
855 3774 1016 3848 unquam
1044 3755 1206 3847 perspici
1231 3754 1286 3825 fa·

177 3888 210 3937 ao
236 3869 335 3941 cilis:
363 3869 429 3942 scd
457 3870 541 3962 quia
566 3867 764 3960 aliquando
790 3866 911 3940 cubile
935 3865 1126 3961 Typhonis
1152 3865 1223 3938 fuit
1247 3876 1284 3939 et
