3138 4718
1198 401 1234 455 Π.
1252 400 1401 468 1‚1-3Tz.

329 839 581 937 *roucourt
610 838 775 914 mama
806 841 873 943 ua
905 841 1289 917 cnoaoourrum
1385 874 1397 918 1

504 958 854 1053 *traxeramus
880 960 1118 1064 axrmcrr.
1382 990 1397 1034 2

577 1081 1049 1157 ruormrsacvuuvs.
1382 1109 1395 1152 3

169 1401 171 1406 «
204 1360 254 1416 21
356 1353 471 1430 Asiae
496 1358 540 1428 in
565 1357 742 1432 Nostrum
774 1379 875 1431 marc
905 1356 1336 1453 Tanainque-vergentis
1380 1380 1396 1424 4

283 1489 391 1563 quem
426 1470 512 1541 dixi·
541 1472 624 1543 finis
662 1492 708 1543 ac
745 1471 841 1543 situs
879 1476 955 1564 est,
994 1491 1039 1544 ac
1076 1492 1143 1566 per
1180 1472 1337 1544 eundem
1379 1493 1394 1538 r

198 1594 200 1599 ’
282 1604 433 1656 amnem·
468 1585 508 1655 in
546 1583 736 1657 Maeotida
779 1584 1025 1659 remeantibus
1063 1585 1111 1657 ad
1147 1585 1335 1659 dexteram
1378 1603 1394 1649 6

281 1693 430 1791 Europa
460 1706 537 1789 est,
569 1696 680 1770 modo
711 1696 865 1769 sinistro
896 1699 1012 1771 latere
1044 1699 1335 1794 innavigantium
1378 1715 1392 1760 ⁷

281 1809 463 1904 adposita.
526 1808 702 1904 Riphaeis
736 1809 924 1885 montibus
947 1812 1149 1907 *proximap
1188 1820 1226 1886 et
1262 1812 1335 1883 huc
1377 1824 1403 1877 a.

281 1925 379 1995 enim
403 1923 605 2016 pertinent,
639 1922 813 1995 cadentes
839 1923 994 1997 adsidue
1020 1925 1128 1998 nives
1160 1924 1253 1997 adeo
1278 1925 1334 1995 in·
1376 1939 1391 1990 a

280 2036 344 2107 via
368 2035 545 2124 efficiunt,
573 2042 614 2106 ut
638 2036 735 2108 ultra
759 2056 807 2107 ne
831 2036 955 2107 visum
981 2038 1129 2132 quidem
1145 2036 1333 2128 intendcu-
1360 2050 1391 2096 10

179 2171 180 2174 ’
281 2150 372 2221 tium
397 2148 599 2220 admittant.
651 2147 782 2219 deinde
807 2158 867 2222 est
894 2151 998 2245 regio
1024 2151 1112 2222 ditis
1137 2148 1333 2220 admodum
1359 2166 1390 2211 11

281 2263 374 2354 soli,
408 2258 657 2333 inhabitabilis
689 2269 827 2334 tamen:
854 2265 939 2360 quia
974 2265 1083 2358 grypi
1109 2282 1263 2332 saevum
1295 2269 1333 2333 ct
1360 2279 1390 2325 12

279 2377 448 2470 pertinax
472 2375 631 2447 ferarum
657 2395 774 2466 genus
800 2397 931 2448 aurum*
953 2384 1050 2450 terra
1073 2375 1220 2468 penitus
1248 2398 1332 2469 ege·
1360 2395 1390 2440 1³

279 2496 376 2560 stum
413 2488 504 2560 mire
540 2493 664 2558 amant
699 2488 866 2583 mireque
897 2487 1132 2579 custodiunt⁷
1172 2497 1209 2561 et
1246 2497 1332 2560 sunt
1358 2507 1390 2552 14

175 2632 178 2639 ¹
231 2618 248 2671 a
277 2600 405 2681 infesti
431 2599 708 2698 attingentibus,
764 2602 951 2674 hominum
981 2601 1090 2694 primi
1126 2602 1330 2692 sunt-Scy·
1357 2621 1389 2667 rr

212 2761 214 2765 ψ
267 2713 379 2806 diae,
411 2712 706 2805 Scytharumque
740 2713 824 2808 quis
857 2714 994 2804 singuli
1026 2713 1126 2784 oculi
1158 2733 1244 2784 esse
1275 2713 1328 2782 di-
1356 2736 1388 2781 ro

276 2835 411 2897 cuntur
446 2824 649 2919 Arimaspi,
694 2825 740 2897 ab
778 2826 834 2897 eis
871 2822 1084 2898 Essedones
1123 2844 1244 2919 usque
1281 2823 1329 2895 ad
1356 2847 1387 2891 rr

274 2935 474 3010 Maeotida.
518 2938 635 3009 huius
661 2935 936 3010 flexumBuces
953 2938 1070 3009 amnis
1089 2943 1207 3007 secat:
1232 2936 1327 3032 Aga·
1356 2963 1387 3009 ra

275 3050 396 3142 thyrsi
420 3058 459 3121 et
482 3051 721 3124 Sauromatae
751 3049 930 3131 ambiunt:
962 3051 1049 3144 quia
1081 3071 1149 3142 pro
1176 3052 1327 3123 sedibus
1356 3074 1387 3119 19

273 3164 441 3258 plaustra
471 3162 606 3239 habent
636 3163 727 3235 dicti
756 3160 996 3259 Amaxobioe.
1059 3161 1209 3257 obliqua
1240 3172 1328 3236 turre
1353 3189 1387 3236 20

274 3277 321 3348 ad
345 3273 577 3370 Bosphorum
607 3278 717 3372 plaga
748 3297 949 3348 excurrens
981 3275 1100 3348 Ponto
1130 3297 1175 3348 ac
1200 3275 1328 3351 Maeo-
1353 3301 1386 3348 21

228 3406 245 3458 3
273 3390 349 3463 tide
382 3392 594 3465 includitur.
651 3391 688 3460 iu
713 3388 890 3463 Paludem
914 3393 1106 3484 vergentia
1131 3391 1328 3466 Satarchae
1353 3412 1386 3459 ar

273 3512 409 3599 tenent⁷
436 3506 475 3576 in
499 3502 731 3597 Bosphorum
758 3501 978 3577 CImmerica
1003 3504 1141 3598 oppida
1166 3506 1327 3578 Murme-
1353 3525 1386 3572 aa

273 3619 378 3711 cion,
393 3652 396 3657 >
414 3617 703 3708 Panticapaeon,
740 3614 969 3711 Theodosia,
1007 3617 1253 3711 Hermisium,
1289 3620 1326 3689 in
1352 3636 1385 3682 24
1465 3684 1468 3687 ,

176 3738 179 3742 “
271 3728 456 3804 Euxinum
492 3750 592 3801 mare
623 3728 782 3801 Taurici.
841 3752 955 3824 super
992 3753 1058 3804 eos
1098 3733 1202 3804 sinus
1242 3753 1326 3824 por·
1351 3751 1383 3798 25

272 3853 404 3918 tuosus
422 3849 460 3915 et
476 3841 561 3923 ideo
576 3840 688 3916 Calos
704 3843 816 3914 limen
834 3845 1042 3937 appellatus
1059 3844 1323 3938 promunturiis
1350 3861 1383 3907 aa
