3134 4710
301 402 343 464 68
1199 406 1246 458 111.
1259 407 1357 470 3,1-3
1371 407 1416 459 Τι.

201 591 296 647 ιιι·
374 577 569 651 Germania
594 577 680 647 hinc
709 577 801 669 ripis
834 580 916 649 eius
951 580 1142 671 usquead
1169 580 1302 673 Alpem
1337 601 1358 649 a
1402 609 1414 653 1

299 690 451 763 meridie
484 691 576 783 ipsis
609 689 785 782 Alpibus,
821 689 866 760 ab
898 693 1040 762 oriente
1072 692 1355 765 Sarmaticarum
1400 720 1414 764 ι

300 803 459 877 confinio
486 802 662 894 gentium,
691 823 764 895 qua
780 806 1067 896 septentrionem
1087 814 1355 897 spectatocea·
1400 835 1414 879 ι

238 935 272 988 ιι
298 916 385 986 nico
423 916 532 985 litore
565 912 725 985 obducta
757 924 827 985 est.
891 918 954 1010 qui
989 916 1153 989 habitant
1191 921 1355 991 inmanes
1399 947 1415 990 4
1515 1002 1517 1007 ,

299 1036 386 1099 sunt
410 1029 679 1120 animis-atque
705 1030 933 1120 οοιροιὶιιιιι,
961 1029 1070 1101 etad
1095 1033 1243 1101 insitam
1268 1031 1356 1101 feri·
1399 1057 1413 1102 ι
1482 1032 1487 1041 ’

298 1149 409 1213 tatem
442 1148 549 1213 vaste
584 1147 737 1234 utraque
769 1148 964 1232 exercent,
998 1142 1167 1213 bellando
1197 1142 1354 1233 animos,
1400 1170 1414 1213 ι

299 1275 455 1346 corpora
476 1253 532 1324 ad
569 1254 875 1326 consuetudinem
907 1254 1072 1326 laborum
1104 1257 1261 1327 maxime
1291 1255 1355 1325 fri·
1398 1279 1413 1323 ι

299 1370 411 1458 goris.
454 1366 543 1437 nudi
569 1374 682 1459 agunt
706 1376 903 1461 antequam
925 1367 1083 1460 puberes
1108 1367 1193 1457 sint,
1216 1372 1257 1437 'et
1276 1367 1355 1436 lon·
1399 1391 1413 1435 ι

299 1480 452 1571 gissima
477 1479 576 1572 apud
602 1501 668 1550 eos
696 1481 855 1572 pueritia
872 1490 942 1550 est.
980 1482 1051 1549 viri
1069 1482 1168 1572 sagis
1187 1482 1357 1551 velantur
1398 1504 1413 1549 ι

236 1615 269 1667 ιι
298 1599 362 1663 aut
386 1591 490 1663 libris
516 1592 700 1683 arborum,
729 1594 899 1687 quamvis
927 1613 1040 1663 saeva
1064 1593 1197 1665 hleme.
1244 1593 1356 1664 nandi
1381 1614 1413 1660 ιι

297 1726 371 1776 non
410 1704 587 1798 patientia
624 1712 765 1774 tanturn
801 1705 897 1795 illis,
937 1706 1099 1776 studium
1137 1707 1246 1777 etiam
1286 1714 1354 1776 est.
1381 1729 1411 1777 ιι

298 1818 502 1890 bellacum
529 1818 692 1891 finitimis
720 1823 862 1909 gerunt,
891 1839 1024 1890 causas
1051 1840 1179 1891 eorum
1203 1842 1250 1892 ex
1273 1818 1354 1888 libi·
1381 1842 1412 1888 ιι

299 1931 383 2002 dine
415 1938 630 2018 arcessunt,
671 1951 792 2024 neque
823 1930 1044 2024 inperitandi
1075 1933 1355 2025 prolatandique
1381 1957 1412 2003 ιι

299 2066 394 2138 quae
419 2044 627 2138 possident,
655 2063 738 2113 narn
762 2045 898 2129 neilla
922 2045 1069 2137 quidem
1086 2048 1195 2117 enixe
1213 2047 1352 2135 colunt,
1380 2067 1413 2112 ιι

187 2232 189 2235 ,
237 2170 270 2224 aa
300 2157 366 2229 sed
392 2166 433 2227 ut
458 2157 559 2227 circa
583 2157 688 2253 ipsos
716 2177 810 2248 quae
836 2156 960 2227 iacent
981 2166 1089 2228 vasta
1113 2160 1213 2250 sint,
1240 2158 1298 2226 ius
1316 2157 1355 2224 in
1381 2182 1413 2228 ιι

298 2270 438 2345 viribus
465 2269 612 2358 habent⁷
647 2267 741 2339 adeo
768 2276 808 2338 ut
833 2291 878 2338 ne
905 2271 1087 2342 latrocinii
1113 2268 1260 2363 quidem
1287 2291 1353 2361 pu·
1381 2296 1412 2342 16

299 2385 402 2472 deat,
436 2390 576 2457 tantum
609 2379 818 2475 hospitibus
852 2382 957 2476 boni,
998 2385 1181 2476 mitesque
1214 2383 1354 2475 suppli·
1381 2407 1412 2451 ιι

300 2497 418 2570 cibus.
460 2496 563 2567 victu
590 2496 642 2565 ita
666 2497 790 2587 asperi
816 2497 1019 2588 incultique
1045 2501 1085 2565 ut
1110 2495 1223 2566 cruda
1246 2496 1354 2565 etiam
1381 2522 1412 2566 ιι

299 2628 409 2679 carne
426 2616 625 2678 vescantur
651 2616 714 2677 aut
738 2610 891 2701 recenti,
919 2618 982 2677 aut
1008 2627 1092 2677 cum
1118 2609 1296 2697 rigentem
1316 2607 1354 2674 iu
1381 2633 1434 2676 ιι

299 2721 393 2814 ipsis
419 2719 603 2812 pecudum
628 2719 860 2814 ferarumque
893 2721 1025 2811 coriis,
1058 2719 1226 2791 manibus
1252 2717 1354 2809 pedi·
1379 2746 1412 2792 ιι

236 2850 269 2904 ιι
298 2833 441 2926 busque
467 2832 674 2922 subigendo
705 2840 940 2904 renovarunt.
998 2839 1094 2902 terra
1122 2833 1205 2921 ipsa
1228 2832 1354 2902 multis
1380 2858 1411 2904 ιι

298 2944 461 3040 inpedita
498 2945 730 3035 fluminibus⁷
768 2946 895 3019 multis
933 2942 1118 3013 montibus
1153 2964 1287 3035 aspera
1317 2952 1355 3015 et
1379 2968 1412 3014 ιι

297 3079 428 3150 magna
455 3078 502 3128 ex
527 3066 631 3150 parte
659 3059 766 3130 silvis
798 3079 842 3129 ae
866 3055 1062 3149 paludibus
1089 3056 1201 3125 invia.
1251 3058 1355 3148 palu·
1380 3082 1412 3127 ιι

299 3172 385 3245 dum
411 3171 562 3262 Suesia,
600 3171 714 3243 Metia
738 3180 776 3242 et
800 3169 1035 3261 Melsyagum
1060 3170 1260 3261 maximae,
1291 3171 1355 3243 sil·
1380 3190 1412 3238 ιι

299 3306 428 3355 varum
453 3283 643 3376 Hercynia
674 3292 712 3354 et
735 3284 877 3375 aliquot
904 3288 991 3351 sunt
1015 3303 1110 3374 quae
1136 3304 1268 3354 nomen
1293 3283 1355 3353 ha·
1380 3307 1412 3353 ιι

299 3398 398 3489 bent,
425 3398 492 3469 sed
518 3400 582 3468 illa
608 3397 748 3466 dierum
775 3396 968 3485 sexaginta
991 3396 1061 3466 iter
1085 3416 1288 3488 occupans,
1315 3403 1356 3466 ut
1380 3418 1412 3464 ιι

237 3528 272 3580 30
298 3513 415 3583 maior
441 3512 524 3581 aliis
552 3512 664 3578 itaet
690 3508 824 3578 notior.
868 3509 1046 3581 montium
1073 3508 1244 3579 altissimi
1261 3506 1355 3578 Tau·
1380 3530 1412 3575 ιι

298 3649 369 3699 nus
396 3636 433 3698 et
450 3622 592 3709 Retico,
620 3622 694 3691 nisi
721 3643 879 3714 quorum
903 3624 1052 3693 nomina
1075 3626 1139 3694 vix
1156 3631 1215 3695 est
1232 3623 1356 3715 eloqui
1381 3641 1413 3687 ιι

299 3762 363 3811 ore
397 3756 560 3807 romano.
620 3736 779 3807 amnium
807 3736 844 3806 in
870 3738 962 3807 alias
989 3745 1117 3828 gentes
1144 3736 1355 3807 exeuntium
1380 3754 1413 3799 ιι

299 3845 491 3920 Danubius
529 3854 568 3917 et
604 3846 903 3939 Rhodanus,·in
935 3847 1101 3921 Rhenum
1132 3847 1279 3920 Moenis
1318 3854 1355 3918 et
1380 3865 1413 3909 ιο
