3138 4718
167 519 386 597 Tzsehueke
411 526 471 595 t.l
500 547 536 620 p.
549 528 674 617 xxxii).
732 547 886 621 magnus
918 534 1039 602 tamen
1070 537 1128 601 est
1152 526 1273 605 Melae

169 644 341 721 oodioum
359 666 468 720 manu
486 647 708 740 scriptorum
725 670 913 739 numerus,
930 652 1048 723 maior
1060 650 1273 729 editionum.

171 769 322 841 codices
356 768 434 845 fere
467 771 660 864 sexaginta
691 782 861 847 recenset
891 769 1165 870 Tzsohuckius,
1196 748 1273 850 edi·

171 892 291 963 tiones
319 900 466 963 centum
491 900 530 963 et
554 899 738 987 quattuor.
891 893 897 902 '
973 872 998 891 ²

219 1011 350 1119 'ther
374 1015 442 1087 has
468 1016 603 1088 eminet
619 1012 759 1086 dsaaoii
773 1013 902 1091 Vossii
926 1014 1041 1090 editio
1060 1019 1146 1091 anni
1166 1017 1273 1115 1658,

171 1137 404 1231 sequentium
419 1137 580 1211 omnium
593 1136 881 1213 fundamentum.
894 1137 1276 1215 HenrioiTzsohuokii

159 1258 299 1353 ¹editio,
327 1262 431 1348 annia
452 1245 547 1334 1806
564 1257 711 1332 etlam
730 1281 799 1333 sex
815 1261 1063 1363 voluminibus
1091 1263 1292 1359 confectas

171 1381 470 1470 annotationibus
502 1377 694 1457 uberrimis
730 1390 803 1459 tarn
836 1385 976 1467 criticis
1008 1400 1120 1481 qnam
1143 1407 1276 1482 exege-

160 1505 259 1579 stiois
290 1505 448 1600 insignis
481 1514 548 1578 est.
611 1524 703 1602 quas
737 1505 918 1579 editiones
950 1526 1034 1579 oum
1065 1510 1276 1583 accuratius

171 1628 446 1724 perlustrarem,
473 1627 608 1700 Melam
626 1629 747 1702 minus
766 1627 813 1700 ad
831 1628 1000 1701 codicum
1019 1629 1140 1726 fidem,
1157 1652 1277 1733 [quam

166 1751 219 1824 ad
244 1748 446 1845 editorum⁷
481 1750 640 1824 maxime
656 1748 786 1824 Vossii
817 1749 1006 1824 arbitrium
1038 1772 1123 1827 esse
1155 1774 1276 1826 emen·

172 1872 296 1950 datum
322 1874 500 1947 intellexi.
542 1891 655 1969 quare
681 1895 816 1969 operae
839 1875 996 1969 pretium
1020 1874 1123 1969 duxi,
1150 1884 1276 1950 auoto-

172 2018 250 2073 rem
267 1997 393 2088 istum,
418 1998 664 2091 geographiae
681 2017 854 2071 romanae
870 1996 1012 2070 fontem
1027 1999 1277 2093 praecipuum,

172 2119 220 2195 ad
244 2116 420 2195 librorum
446 2125 613 2193 veterum
639 2140 830 2214 germanas
855 2121 1037 2194 lectiones
1062 2142 1252 2197 revocare.

246 2243 427 2334 Quamvis
444 2240 715 2316 Tzsehuolrium
739 2243 779 2314 in
804 2243 998 2316 epotandis
1016 2244 1130 2317 variis
1147 2244 1277 2317 lectio·

159 2362 289 2441 «nibus
308 2366 399 2439 satis
426 2364 637 2461 diligentem
661 2365 784 2438 fuisse
809 2365 988 2460 viderem,
1014 2373 1137 2439 tamen
1158 2386 1276 2440 novas

173 2487 346 2563 oodioum
377 2490 637 2562 nonnullorum
669 2488 889 2561 collationes
913 2510 990 2561 non
1014 2488 1165 2561 inutiles
1191 2488 1279 2563 mini

169 2611 255 2684 fore
277 2618 400 2707 ratus,
434 2611 585 2684 oodioes
609 2610 813 2684 Vaticanos
845 2631 968 2683 meum
993 2612 1031 2684 in
1056 2632 1165 2706 usum
1190 2632 1277 2683 oon·

161 2732 345 2807 serendos
379 2735 507 2809 curavi
541 2733 586 2806 ab
618 2732 789 2826 Adolpho
813 2729 1031 2829 Miohadlis‚
1065 2734 1172 2806 ouius
1204 2733 1278 2807 dis·

171 2844 412 2930 sortitionem
430 2856 526 2931 infra
543 2858 739 2953 apponam,
763 2853 1027 2930 laurentianos
1046 2877 1069 2929 a
1084 2853 1279 2929 Theodoro

170 2976 317 3075 Heyso,
343 2981 407 3075 ¹qui
434 2978 710 3053 emendationes
730 2980 925 3051 nonnullas
949 2979 1171 3073 luculentas,
1198 2999 1279 3051 ase

173 3101 376 3198 profectas,
394 3122 539 3175 mecum
557 3101 858 3187 communicavit3
877 3100 1045 3173 eodioem
1058 3098 1279 3201 Pragensem

172 3226 345 3299 excussit
366 3224 502 3320 Pauly⁷
529 3224 680 3321 collegii
705 3222 926 3297 Clementini
950 3207 1050 3317 apud
1073 3222 1278 3316 Pragenses

171 3347 380 3443 professor3
413 3345 705 3442 Berolinensem,
739 3343 1279 3442 Guelferbytanum,1,ipsien-

174 3489 273 3565 sem,
304 3468 635 3544 Vratislaviensem
664 3470 810 3564 inspexi
836 3469 932 3566 ipse.
987 3470 1158 3544 oodioum
1182 3465 1279 3544 Pari·

174 3591 338 3666 sinotum
374 3592 545 3668 notitiam
583 3613 655 3688 ope
690 3588 855 3665 Eduardi
886 3588 1118 3668 Friederiohs
1155 3594 1279 3671 nanci-

164 3714 304 3791 aoendi
330 3735 418 3811 spes
443 3736 505 3792 me
528 3712 672 3791 fefellit
