3138 4718
172 401 192 455 1.
206 399 457 465 11,1-12‚3Tz.
532 399 534 403 ’
1245 397 1285 458 19

192 603 205 646 1
230 572 419 647 Adiabene
450 581 488 646 et
512 571 718 666 Babylonia
748 581 785 643 et
814 571 956 644 Judaea
988 578 1025 643 et
1056 569 1282 664 Colophone.

191 713 207 759 6
231 686 294 759 hie
317 684 524 759 Palaestine
549 693 608 759 est
634 707 707 780 qua
730 687 849 777 tangit
871 681 1031 775 Arabas,
1065 692 1142 754 tum
1166 681 1282 756 Phoe·
1313 694 1381 752 166

78 892 88 896 ,
191 826 207 872 6
231 801 331 886 nine3
357 806 395 871 et
419 798 482 871 ubi
507 820 551 872 se
567 797 722 871 Ciliciae
746 799 942 870 committit
959 795 1168 890 Antiochia,
1195 798 1284 879 olim

191 933 277 985 rao
306 911 372 984 diu
405 920 559 1005 potens⁷
596 910 666 984 sed
699 932 783 982 eum
814 931 896 981 eam
927 931 1043 1002 regno
1071 910 1283 982 Semiramis

192 1026 351 1098 stenuit
386 1027 496 1117 longe
532 1025 800 1118 potentissima.
858 1021 1032 1117 operibus
1070 1030 1171 1094 certe
1203 1024 1284 1101 eius

192 1166 207 1210 6
232 1138 393 1229 iusignia
415 1140 531 1209 multa
557 1145 662 1223 sunt3
688 1137 762 1208 duo
787 1137 950 1208 maxime
965 1138 1169 1220 excellunt3
1197 1157 1284 1207 oon·

193 1278 208 1322 6
234 1253 363 1323 stituta
387 1250 475 1323 urbs
492 1252 605 1323 mirae
622 1250 884 1342 magnitudinis
900 1246 1081 1342 Babylon,
1108 1270 1153 1320 ae
1170 1249 1284 1321 sionis

192 1393 208 1437 6
233 1365 320 1445 olim
345 1362 556 1458 regionibus
581 1359 787 1455 Euphrates
813 1369 850 1433 et
866 1360 989 1453 Tigris
1014 1363 1182 1433 immissi.
1222 1383 1284 1434 oe·
1312 1376 1347 1428 64

192 1501 207 1546 6
233 1483 350 1547 terum
374 1478 413 1548 in
430 1473 639 1548 Palaestina
655 1482 715 1547 est
731 1476 862 1568 iugens
880 1482 918 1547 et
933 1475 1072 1547 munita
1089 1473 1285 1547 admodum

177 1613 208 1659 10
233 1589 349 1661 Gaza:
374 1591 430 1662 sio
446 1587 583 1659 Persae
606 1587 786 1659 aerarium
811 1594 961 1680 vocant,
988 1594 1026 1659 et
1050 1587 1135 1659 inde
1151 1609 1285 1661 nomeu

177 1726 208 1773 11
233 1711 306 1794 est,
332 1701 532 1796 quodcum
551 1697 756 1791 Cambyses
774 1702 888 1773 armis
903 1698 1114 1794 Aegyptum
1129 1708 1283 1794 peteret,

177 1840 209 1887 ra
232 1815 307 1886 huo
329 1813 418 1887 belli
442 1821 481 1886 et
511 1834 601 1907 opes
631 1821 669 1885 et
687 1814 886 1906 pecuniam
909 1815 1099 1899 intuleram
1129 1822 1286 1889 estnon

117 2014 121 2021 Ι
176 1955 208 2001 ra
232 1929 353 2000 minor
375 1926 553 2011 Asoalom
581 1934 640 1998 est
663 1924 758 2018 Jope
780 1931 869 1998 ante
894 1926 1073 1999 diluvium
1095 1934 1141 1998 ut
1162 1925 1286 1999 ferunt

176 2040 400 2132 recondita,
438 2038 501 2111 ubi
532 2037 680 2132 Cephea
708 2060 885 2131 regnasse
919 2061 966 2112 eo
997 2040 1106 2131 signo
1134 2042 1286 2112 aoeolae

176 2177 208 2226 ru
233 2151 434 2243 adfirmant,
461 2150 559 2246 quod
584 2154 730 2223 titulum
756 2152 838 2223 eius
859 2151 1057 2247 fratrisque
1073 2151 1204 2224 Phinei
1220 2174 1285 2223 ve·

177 2274 331 2338 ratores
364 2263 542 2359 quaedam
574 2285 658 2336 arae
690 2284 775 2335 oum
804 2264 982 2359 religione
1012 2265 1169 2357 plurima
1199 2266 1285 2336 reti-

177 2402 208 2449 rr
232 2385 336 2450 nent:
362 2378 451 2472 quin
472 2377 586 2451 etiam
609 2377 664 2448 rei
690 2376 896 2450 celebratae
921 2375 1144 2450 carminibus
1169 2398 1214 2449 ao
1231 2378 1286 2449 ia·

176 2490 350 2585 rabulis,
389 2498 634 2584 servataeque
657 2511 679 2560 a
705 2487 841 2565 Perseo
865 2489 1121 2563 Andromedae
1146 2491 1287 2563 alarum

177 2632 208 2679 rs
233 2605 433 2696 vestigium
457 2604 617 2676 marinae
634 2602 765 2675 belvae
782 2624 871 2674 ossa
886 2605 1045 2677 inmania
1062 2610 1261 2676 ostentant.

175 2743 208 2791 66
306 2714 516 2790 Phoenicen
540 2717 785 2788 inlustravere
809 2715 1030 2810 Phoenices,
1065 2719 1195 2788 sollers
1221 2717 1286 2788 ho·
1313 2737 1348 2791 66

175 2857 207 2904 ar
232 2829 371 2900 minum
396 2848 513 2921 genus
531 2835 569 2901 et
585 2828 631 2900 ad
649 2828 735 2901 belli
752 2830 933 2923 panisque
955 2830 1080 2901 munia
1097 2830 1287 2901 eximium:

175 2968 208 3017 66
233 2941 376 3013 litteras
399 2948 437 3013 et
460 2943 665 3015 litterarum
689 2963 819 3035 operas
845 2943 1012 3037 aliasque
1036 2943 1147 3014 etiam
1172 2950 1284 3026 artes,

175 3081 208 3130 66
232 3054 347 3127 maria
370 3054 528 3127 navibus
554 3054 668 3148 adire,
699 3055 822 3127 elasse
847 3054 1060 3147 confligere,
1091 3056 1288 3147 inperitam

175 3166 424 3260 regentibus,
455 3188 608 3260 regnum
637 3167 890 3261 proeliumque
920 3169 1128 3239 commenti.
1178 3168 1287 3238 inea
1314 3185 1347 3237 66

174 3311 207 3358 66
233 3287 292 3351 est
318 3278 440 3371 Tyros
471 3279 669 3373 aliquando
700 3281 840 3372 insula,
874 3300 973 3352 nuno
1005 3279 1149 3353 adnexa
1179 3281 1286 3350 terris

174 3425 208 3473 20
233 3392 374 3486 deficit,
406 3391 507 3487 quod
537 3392 582 3465 ab
613 3394 840 3486 inpugnante
870 3393 1053 3487 quondam
1076 3392 1286 3467 Alexandro

174 3537 208 3583 66
232 3504 331 3579 iaeta
361 3526 474 3598 opera
505 3505 582 3577 viai
613 3512 750 3579 tenent.
805 3508 958 3580 ulterior
988 3516 1027 3579 et
1050 3506 1171 3579 adhue
1195 3528 1286 3599 opu·

174 3647 208 3694 66
232 3619 332 3691 lenta
355 3616 483 3710 sidon,
516 3626 712 3712 autequam
736 3641 761 3690 a
783 3618 906 3693 Persis
933 3627 1126 3714 asperetur
1149 3620 1284 3693 mariti·
1356 3622 1359 3628 “

174 3758 209 3806 66
231 3751 372 3805 mmum
397 3729 541 3805 urbium
564 3733 736 3807 maxima.
785 3733 832 3805 ab
856 3755 902 3805 66
924 3737 970 3807 ad
994 3735 1286 3827 promunturium
1313 3752 1347 3804 66

106 3936 110 3943 .
173 3871 208 3918 66
232 3840 476 3937 Euprosopon
508 3843 583 3917 duo
614 3853 700 3917 sunt
731 3846 869 3939 oppida
896 3844 1038 3938 Byblos
1069 3855 1106 3917 et
1135 3844 1285 3935 Botrys:

1049 3965 1064 4007 ‘2
