3138 4718
180 350 430 417 Lau-atra.
1275 354 1294 416 7

200 554 213 597 1
241 527 361 597 sinum
388 525 602 601 Persicum·
641 549 755 623 super
779 529 877 600 hunc
904 534 991 600 sunt
1016 526 1138 600 Parthi
1164 524 1294 599 11111-

199 640 357 732 asyrii,
396 662 513 733 super
538 642 827 715 illum'alterum
858 638 1073 733 Babylonii,
1113 650 1151 713 et
1183 654 1295 735 super

199 752 439 846 aAethiopas
478 753 665 848 Aegyptii.
704 755 827 847 „ripis
860 752 945 825 Nili
973 756 1090 829 amnis
1127 756 1294 829 otmari

194 889 214 951 ¹4
238 866 405 958 proxima
431 865 542 938 iidem
558 867 745 961 Aegyptii·
760 865 965 959 possident.
1009 865 1142 941 deinde
1160 865 1295 940 Arabia

198 984 410 1070 rangusta
426 978 548 1051 fronte
582 981 775 1074 sequentia
808 981 916 1052 litora
947 977 1139 1072 adtingit
1173 978 1218 1052 ab'
1249 995 1294 1052 ea

198 1112 357 1185 rusque
395 1091 440 1163 ad
479 1091 615 1165 flexum
653 1094 756 1163 illum
795 1113 907 1186 quem
942 1113 1055 1186 supra
1085 1093 1292 1168 rettulimus

198 1224 212 1269 ⁷
237 1202 359 1295 Syria,
386 1212 424 1275 et
449 1206 486 1277 in
512 1204 716 1298 ipsofloxu
732 1203 882 1296 Cilicia,
910 1212 1013 1277 extra
1038 1209 1159 1278 autem
1178 1204 1293 1297 Lycia
1375 1276 1379 1282 .

197 1339 212 1383 a
238 1323 276 1386 et
300 1314 528 1410 Pamphylia,
558 1316 682 1410 Caria,
713 1316 840 1408 lenia,v
861 1317 1004 1413 Aeolis,
1031 1316 1146 1391 Troas
1172 1341 1291 1415 usque

197 1447 212 1491 a
237 1427 283 1498 ad
308 1427 614 1522 Hellespontum.⁴
661 1429 706 1501 ab
740 1451 788 1502 eo
813 1427 964 1521 Bithyni
997 1431 1155 1504 suntad
1180 1430 1291 1503 Thra·-

180 1557 212 1603 10
237 1542 334 1615 cium
367 1539 610 1634 Bosphorum.
668 1543 770 1614 circa
801 1541 956 1617 Pontum
989 1545 1131 1639 aliquot
1163 1545 1292 1638 populi

179 1672 210 1717 11
237 1654 310 1725 alio
336 1655 484 1748 alioque
509 1653 580 1725 fine
607 1676 681 1726 uno
706 1675 833 1727 omnes
859 1657 1007 1728 nomine
1033 1655 1189 1729 Pontici.
1244 1654 1291 1729 ad

180 1785 212 1833 12
236 1769 356 1838 lacum
382 1766 574 1855 Maeotici,
601 1767 647 1836 ad
671 1765 811 1839 Tanain
837 1768 1087 1842 Sauromatae.
1121 1810 1124 1814 ι

108 1958 113 1969 x
178 1899 210 1947 ra
259 1877 457 1971 *Europa
488 1880 665 1954 terminos
691 1879 806 1952 ‘habet
837 1880 881 1952 ab
914 1883 1056 1955 oriente
1081 1879 1233 1955 Tanain·
1252 1890 1290 1956 et
1320 1896 1386 1956 115

179 2010 210 2057 14
235 1989 423 2063 Maeotida
458 2002 497 2063 et
527 1989 699 2083 Pontum,
740 2015 762 2063 a
799 1992 952 2065 meridie
986 1996 1131 2088 reliqua
1160 1994 1289 2071 Nostri

177 2120 209 2168 15
234 2106 365 2196 maris,
398 2104 443 2176 ab
477 2105 673 2177 occidente
703 2105 946 2199 Atlanticum,
980 2130 1002 2178 a
1036 2110 1288 2201 septentrione

177 2232 209 2277 16
233 2213 482 2288 Britannicum
508 2237 699 2289 oceanum.
751 2231 816 2288 ora
841 2220 922 2290 eius
949 2218 1076 2290 forma¹
1092 2221 1239 2292 litorum
1265 2243 1287 2293 a

177 2349 208 2394 ri
232 2328 347 2402 Tanai
371 2330 418 2401 ad
434 2328 730 2423 Hellespontum,
757 2351 829 2424 qua
855 2332 935 2424 ripa
959 2338 1017 2405 ast
1039 2332 1285 2425 dicti‘amnis,

175 2463 208 2511 ιε
233 2462 306 2537 qua
330 2443 465 2514 flexum
490 2442 636 2535 paludis
663 2443 714 2514 ad·
734 2441 891 2515 Pontum
917 2443 1066 2536 redigit,
1100 2443 1286 2540 quaPro-

176 2576 208 2623 11
232 2555 375 2648 pontidi
408 2563 445 2627 et
469 2554 714 2649 Hellesponto
745 2558 858 2629 latere
890 2556 1054 2649 adiacet,
1090 2560 1285 2631 contrariis

174 2688 207 2734 1ο
232 2667 400 2740 litoribus
425 2668 537 2741 Asiae
568 2691 643 2741 non
672 2670 858 2763 opposita·
875 2669 986 2741 modo
1011 2688 1140 2742 verum
1172 2679 1211 2743 et
1228 2673 1284 2743 ei·
1333 2708 1337 2721 =

174 2801 206 2847 11
231 2781 329 2853 milis
362 2788 432 2852 est.
496 2781 582 2873 inde
614 2782 660 2853 a'd
691 2782 825 2855 fretum
858 2803 957 2854 nunc
989 2790 1096 2855 vaste
1111 2800 1113 2807 ’
1128 2791 1285 2857 retracta
1313 2798 1345 2851 ra

173 2916 207 2963 11
231 2908 329 2967 nunc
354 2894 565 2985 prominens
592 2901 666 2967 tres
682 2897 875 2966 maximoe
901 2895 1005 2966 sinus
1032 2894 1165 2988 efficit,
1193 2899 1284 2969 toti·

173 3031 206 3078 11
231 3006 387 3100 demque
424 3006 482 3075 in·
505 3007 619 3079 altum
657 3027 698 3077 se
735 3007 878 3097 magnis
898 3052 901 3059 ·
920 3006 1104 3077 frontibus
1147 3009 1283 3080 evehit.

173 3145 206 3189 24
231 3127 335 3205 entra
358 3118 493 3188 fretum
523 3118 570 3191 ad
600 3118 831 3190 occidentem
857 3118 1062 3209 inaequalis
1087 3116 1283 3190 admodum

172 3259 205 3306 11
229 3233 427 3323 praecipue
452 3230 574 3303 media
595 3232 792 3324 procurrit:
818 3231 864 3303 ad
882 3231 1195 3323 septentrionem.
1209 3233 1284 3303 nisi

172 3372 205 3418 11
231 3343 292 3414 ubi
326 3343 440 3415 semel
477 3344 682 3437 iterumque
722 3343 850 3436 grandi
883 3362 1036 3415 recessu
1075 3341 1281 3437 abducitur,

171 3483 204 3530 27
229 3477 346 3550 paene
371 3462 412 3526 ut
437 3456 719 3555 directolimitc
749 3463 900 3527 extenta
930 3464 998 3527 est.
1056 3476 1155 3528 mare
1182 3457 1281 3551 quod
1310 3473 1342 3525 17

171 3594 203 3640 11
227 3568 449 3661 primoainu
469 3569 605 3660 accipit
621 3568 809 3660 Aegaeum
827 3567 975 3640 dicitur:
996 3569 1094 3662 quad
1112 3572 1281 3663 sequenti

171 3708 204 3753 11
228 3683 266 3752 in
292 3680 536 3771 aradorium,
563 3679 815 3752 Hadriaticum
834 3681 1006 3753 interius:
1034 3679 1279 3775 quodultimc

170 3825 203 3870 ao
227 3816 297 3867 nos
314 3791 477 3865 Tuscum
495 3793 583 3864 Grai
594 3792 859 3882 Tyrrhenicum
877 3793 1078 3885 perhibent.
1115 3795 1279 3886 gentium
1308 3812 1340 3865 ra
