3138 4718
165 367 198 419 11.
212 366 237 430 5,
250 366 308 418 4-7
322 366 366 418 Τι.
1236 368 1276 430 51

186 571 197 613 1
225 561 327 634 gyon
351 538 511 633 Neptuni
537 537 672 611 liberos
706 538 937 611 dimicantem
969 561 1053 610 cum
1079 541 1152 613 tela
1178 540 1278 612 defe-

184 681 199 724 ι
225 646 367 741 cissent
390 651 436 723 ab
461 655 635 725 invocato
661 650 758 723 Jove
783 652 951 736 adiutum
976 652 1090 725 imbre
1115 654 1279 747 lapidum

184 765 357 840 aferunt.
421 765 550 836 eredas
588 765 749 858 pluisse,
790 764 882 839 adeo
921 767 1027 838 multi
1065 768 1204 859 passim
1242 776 1279 839 et

51 881 55 888 ’
176 910 200 954 ι
224 880 298 949 late
323 878 457 951 iacent.

185 1022 201 1066 ι
298 988 497 1063 Rhodanus
521 1010 596 1063 non
621 991 731 1080 longe
756 990 802 1060 ab
826 987 967 1061 *Histri
983 989 1173 1086 Rhenique
1197 992 1279 1063 fon*
1307 1003 1376 1060 ιιι

141 1184 143 1188 ,
184 1103 320 1178 atibus
354 1104 486 1196 surgit:
525 1103 609 1176 dein
639 1094 823 1177 Lemanno
856 1105 939 1175 lacu
971 1112 1148 1203 aceeptus
1180 1113 1280 1177 tenet
1340 1126 1343 1131 ·

183 1232 199 1291 ἰ
225 1217 401 1309 inpetum,
430 1235 545 1308 seque
567 1236 633 1309 per
649 1214 810 1287 medium
827 1217 970 1308 integer
988 1238 1102 1309 agens
1121 1225 1279 1310 quantus
1362 1228 1364 1231 ’
1390 1275 1392 1278 ⁴

185 1357 200 1401 ι
225 1330 327 1400 venit
352 1327 550 1420 egreditur,
578 1338 617 1399 et
638 1329 723 1400 inde
750 1336 879 1401 contra
904 1331 942 1398 in
968 1330 1199 1407 occidentem
1216 1329 1278 1401 ab·

32 1437 36 1441 ’
153 1508 155 1513 .
185 1470 199 1516 ι
225 1434 336 1514 latus
355 1441 579 1535 aliquamdiu
612 1440 753 1513 Gallias
786 1441 942 1534 dirimit,
980 1450 1068 1535 post
1093 1465 1211 1515 cursu
1242 1445 1280 1515 in

169 1582 199 1629 ιι
224 1553 412 1631 meridiem
437 1553 595 1626 abducto
620 1553 690 1626 hac
716 1556 840 1647 intrat,
867 1575 1099 1651 accessuque
1124 1556 1280 1631 aliorum

169 1694 199 1741 ιι
226 1668 385 1741 amnium
418 1668 491 1737 iam
507 1751 510 1757 A
529 1668 680 1759 grandis
719 1675 773 1745 et„
793 1667 948 1739 subinde
980 1666 1153 1759 grandior
1185 1670 1281 1740 inter

169 1806 201 1853 12
225 1779 363 1853 Voloas
396 1786 434 1850 et
460 1778 623 1853 Cauaras
655 1765 844 1853 emittitur.
902 1783 998 1854 ultra
1031 1790 1118 1852 sunt
1150 1789 1281 1875 stagna
1307 1798 1343 1853 so

169 1919 200 1965 ιι
226 1893 439 1982 Volcarum,
457 1890 595 1966 Ledum
611 1893 758 1983 flumen,
779 1894 974 1967 castellum
986 1891 1129 1988 Latara,
1147 1892 1281 1971 Mesua

83 2075 88 2085 ,
170 2027 201 2073 ιι
228 2004 336 2079 collis
363 2005 547 2079 incinctus
573 2006 665 2074 mari
690 2026 807 2099 paene
826 2004 1002 2099 undique,
1029 2027 1074 2079 ac
1089 2007 1163 2077 nisi
1182 1996 1280 2103 quod

170 2139 200 2187 ιι
219 2124 383 2211 ¹angusto
409 2137 542 2211 aggere
568 2119 772 2209 continenti
797 2117 1003 2191 adnectitur
1026 2120 1159 2193 insula
1202 2128 1281 2197 tum

144 2234 200 2297 ἰι
226 2251 274 2303 ex
308 2227 490 2300 Cebennis
527 2229 710 2301 demissus
749 2228 901 2302 Arausis
939 2231 1043 2303 iuxta
1073 2229 1279 2325 Achathan,
1308 2282 1311 2286 ι

170 2365 200 2411 ιι
227 2340 429 2431 secundum
446 2339 614 2413 Beterras
634 2341 744 2414 Orbis
767 2343 859 2413 fluit.
909 2341 1006 2413 Atax
1022 2363 1070 2414 ex
1088 2341 1279 2435 Pyrenaeo
1307 2360 1340 2413 ar

169 2479 200 2527 ιι
226 2461 350 2531 monte
376 2453 579 2549 digressus,
607 2476 679 2548 qua
704 2450 772 2529 sui
789 2456 905 2530 fontis
931 2457 1038 2550 aquis
1056 2458 1173 2548 venit,
1201 2458 1280 2531 exi·

170 2593 200 2640 ιι
226 2588 322 2659 gnus
348 2566 542 2665 vadusque
567 2576 638 2662 est,
672 2576 710 2643 et
726 2570 806 2640 *iarn
830 2570 991 2662 ingentis
1018 2569 1158 2665 alioqui
1183 2571 1281 2645 aluei

168 2704 200 2757 ιι
226 2688 354 2753 tenens
380 2681 453 2753 nisi
480 2680 541 2753 ubi
557 2674 765 2757 Narbonem
780 2670 947 2775 ¹adtingit
970 2704 1151 2776 nusquam
1177 2684 1280 2783 navi·

168 2821 200 2866 ιι
227 2792 370 2883 gabilis,
398 2793 464 2864 sed
490 2815 575 2864 cum
598 2794 760 2869 hibernis
777 2797 949 2867 intumuit
963 2791 1142 2886 'imbribus
1160 2817 1280 2890 usque

168 2932 201 2981 ιι
226 2927 272 2977 eo
297 2907 431 2983 solitus
447 2908 650 2998 »insurgere
673 2915 715 2985 ut
738 2930 780 2979 se
804 2909 886 3002 ipse
912 2930 986 2989 non
1004 2910 1137 3003 capiat.
1174 2910 1279 2983 lacus

168 3043 200 3090 ιι
225 3018 365 3110 accipit
394 3039 478 3115 eum
508 3016 719 3092 Rubraesus
750 3022 899 3099 nornine
932 3022 1122 3113 spatiosus
1154 3020 1278 3099 admo·

168 3154 201 3203 ιι
226 3129 334 3220 dum,
368 3131 436 3201 sed
463 3153 536 3225 qua
558 3153 659 3203 mare
690 3133 848 3207 admittit
873 3133 993 3203 tenuis
1019 3133 1132 3207 aditu.
1184 3131 1280 3203 ultra
1306 3139 1340 3193 82

99 3252 102 3253 *
169 3269 201 3317 ιι
227 3250 285 3315 est
308 3240 468 3314 leucate
496 3246 615 3316 litoris
647 3266 780 3317 nomen
811 3251 849 3315 et
873 3244 1040 3316 Salsulae
1064 3245 1171 3337 fons,
1204 3266 1279 3317 non

168 3381 201 3429 ιι
228 3353 399 3439 dulcibus
418 3358 522 3450 aquis
541 3357 703 3431 defluens
723 3357 789 3429 sed
808 3355 1025 3431 salsioribus
1044 3359 1152 3431 etiam
1170 3378 1279 3451 quam

94 3467 97 3473 ’
168 3493 200 3541 ιι
225 3469 386 3541 marinae
405 3477 504 3541 sunt:
530 3470 634 3542 iuxta
653 3492 805 3564 campus
822 3473 964 3545 minuta
978 3471 1181 3543 harundine
1198 3492 1279 3564 gra·

74 3586 77 3603 ·’
168 3603 200 3651 ιι
226 3581 363 3675 cilique
388 3581 602 3674 perviridIs,
637 3591 799 3655 ceterum
826 3591 957 3678 stagno
988 3585 1168 3656 subeunte
1196 3605 1278 3670 sus·

168 3716 200 3763 ιι
225 3713 376 3784 pensus.
427 3695 464 3765 id
489 3694 702 3768 manifestat
726 3697 847 3768 media
871 3718 959 3789 pars
987 3698 1067 3771 eius
1096 3707 1190 3791 quae
1214 3698 1277 3769 ab·

168 3825 200 3872 ιο
227 3805 349 3879 scissa
379 3807 558 3899 proximis
591 3810 693 3878 velut
731 3810 852 3881 insula
881 3817 1003 3902 natat,
1043 3812 1204 3903 pellique
1237 3832 1278 3882 se
1340 3840 1345 3855 ·

629 3916 643 3937 ,-
1033 3923 1078 3970 ,4,
1128 3934 1130 3937 .
1209 3952 1212 3959 Χ
