3138 4718
228 400 233 408 “
294 408 336 473 52
1137 414 1170 467 11.
1184 376 1347 479 ose-aa
1361 413 1407 466 ιι.

196 601 266 660 aaa
294 593 404 682 atque
436 585 577 657 adtrahi
608 587 754 679 patitur.
820 588 909 680 quin
941 595 978 658 et
1009 607 1056 657 ex
1087 587 1145 658 his
1179 608 1272 681 quae
1303 585 1349 656 ad
1393 616 1406 659 1

294 699 407 770 imum
446 698 617 792 perfossa
655 705 742 770 sunt
780 697 962 770 suffusum
999 720 1100 771 mare
1131 701 1349 773 ostenditur.
1391 724 1406 769 ι

292 811 391 881 unde
421 811 520 902 grais
556 811 770 905 nostrisque
802 810 914 882 etiam
950 811 1183 903 auctoribus,
1221 812 1348 884 verine
1390 839 1405 881 ι

292 924 500 1015 ignorantia
524 943 571 993 an
595 922 837 1017 prudentibus
859 925 971 995 etiam
987 924 1168 996 mendacii
1186 920 1349 994 lubidine
1390 949 1406 994 ι

292 1036 416 1108 visum
442 1042 500 1106 est
525 1034 668 1107 tradere
692 1036 870 1131 posteriS,
897 1037 935 1108 in
961 1059 1006 1108 ea
1029 1038 1181 1129 regione
1206 1037 1348 1129 piscem
1391 1063 1405 1108 ι

293 1168 315 1219 e
346 1153 443 1218 terro
473 1149 621 1242 penitus
653 1147 753 1242 erui,
793 1150 857 1242 qui
888 1149 950 1222 ubi
983 1170 1031 1220 ex
1055 1150 1131 1219 alto
1154 1149 1348 1242 hucusque
1390 1177 1405 1221 ι

292 1262 498 1352 penetravit
523 1282 589 1354 per
613 1282 657 1332 ea
682 1260 862 1334 foramina
887 1262 963 1333 ictu
988 1262 1213 1354 captantium
1237 1262 1347 1333 iuter·
1390 1292 1405 1337 ι

230 1393 265 1448 84
291 1371 412 1445 fectus
431 1374 646 1445 extrahitur.
692 1373 780 1446 inde
798 1379 856 1444 est
872 1394 938 1445 ora
954 1372 1161 1447 Sordonum
1179 1381 1217 1446 et
1232 1393 1349 1469 parva
1389 1406 1404 1450 ι

291 1488 442 1559 flumina
467 1485 572 1558 Telis
605 1496 643 1558 et
671 1485 792 1578 Ticis»,
825 1486 890 1558 ubi
918 1486 1121 1560 adcrevcre
1150 1507 1345 1582 persaeva,
1389 1516 1404 1560 ι

292 1600 441 1672 colonia
465 1597 642 1692 Ruscino,
674 1600 783 1670 vicus
809 1595 1011 1693 Eliberrae,
1045 1620 1202 1692 magnae
1231 1621 1404 1694 quon-10

292 1710 375 1784 dam
406 1710 507 1785 urbis
539 1720 577 1786 et
606 1709 962 1806 magnarum'opum
993 1720 1104 1785 tenue
1133 1713 1346 1805 vestigium.
1372 1741 1402 1788 11

290 1833 368 1899 tum
385 1827 479 1898 inter
495 1824 677 1918 Pyrenaei
695 1827 948 1918 promunturia
963 1824 1097 1898 Portus
1115 1825 1271 1899 Veneris
1289 1834 1348 1897 est
1372 1855 1403 1902 ιι

291 1940 374 2029 sinu
401 1941 502 2009 salso
529 1946 566 2008 et
592 1934 767 2008 Cervaria
789 1937 904 2007 ‘locus
931 1935 1075 2009 Galliae
1099 1938 1195 2009 finis.
1371 1965 1403 2014 ιι

226 2059 263 2116 ao
363 2049 578 2144 Pyrenaeus
602 2049 721 2144 primo
745 2048 833 2119 hinc
857 2048 895 2120 in
920 2046 1169 2122 Britannicum
1193 2071 1345 2144 procur·
1371 2077 1403 2123 14

290 2164 339 2235 rit
364 2184 560 2247 oceanum;
592 2170 669 2233 tum
694 2162 732 2233 in
756 2167 874 2234 terras
899 2161 1021 2234 fronte
1047 2182 1252 2235 conversus
1277 2161 1345 2235 Hi·
1371 2188 1402 2235 ιι

291 2278 458 2371 spaniam
483 2277 675 2369 inrumpit,
708 2281 745 2347 et
774 2275 916 2346 minore
947 2282 1052 2369 parte
1077 2278 1158 2350 eius
1184 2274 1232 2347 ad
1257 2275 1345 2348 dex·
1371 2299 1402 2347 ιι

289 2399 405 2461 teram
439 2390 594 2462 exclusa
631 2387 740 2461 trahit
775 2396 955 2482 perpetua
985 2390 1101 2460 latera
1132 2390 1343 2480 continuae,
1371 2416 1402 2461 ιι

290 2501 411 2575 donec
441 2523 506 2596 per
544 2521 688 2573 omnem
723 2502 956 2595 provinciam
992 2504 1105 2594 longo
1142 2502 1259 2574 limite
1290 2504 1345 2573 in·
1371 2526 1403 2571 ιι

288 2613 426 2686 missus
457 2616 495 2685 in
527 2634 572 2684 ea
602 2614 712 2685 litora
737 2634 832 2707 quac
861 2612 1045 2686 occidenti
1076 2623 1163 2685 suut
1188 2613 1346 2685 adversa
1370 2634 1402 2681 ιι

226 2746 261 2802 aa
288 2726 491 2821 perveniat
549 2724 634 2820 ipsa
657 2724 839 2820 Hispania
867 2727 941 2798 uisi
967 2748 1041 2820 qua
1065 2725 1203 2798 Gallias
1229 2727 1346 2818 tang-it
1368 2749 1401 2797 ιι

167 2849 171 2856 ’
287 2839 421 2934 pelago
446 2836 611 2932 undique
635 2841 809 2932 incincta,
837 2848 875 2912 et
899 2838 962 2913 ubi
987 2841 1064 2912 illis
1081 2838 1253 2911 adhaeret
1267 2859 1344 2910 ma·
1368 2863 1400 2910 ιι
1433 2934 1436 2940 λ

198 3004 209 3012 ⁷-
291 2952 393 3025 xime
418 2961 576 3045 augusta
599 2954 775 3046 paulatim
800 2952 899 3024 sein
916 2950 1092 3024 Nostrum
1110 2962 1148 3025 et
1164 2973 1344 3024 oceanum
1368 2976 1401 3023 ιι

287 3085 387 3138 mare
410 3065 591 3158 extendit,
617 3067 809 3161 magisque
835 3074 873 3136 et
896 3063 1016 3157 magis
1042 3065 1152 3142 latior
1176 3064 1224 3138 ad
1243 3066 1347 3145 occi„
1368 3086 1401 3135 ιι

288 3179 434 3250 dentem
454 3179 534 3251 abit
561 3199 605 3249 ac
628 3177 670 3250 fit
694 3178 745 3250 ibi
769 3177 965 3270 latissima,
993 3178 1084 3263 viris
1111 3179 1218 3273 equis
1243 3177 1343 3250 ferro
1368 3199 1401 3246 ιι

285 3291 434 3385 plumbo
460 3312 545 3364 aere
570 3295 724 3382 argento
748 3308 913 3382 auroque
938 3290 1049 3361 etiam
1074 3289 1278 3384 abundans,
1306 3297 1344 3362 et
1368 3309 1400 3357 ιι

286 3402 380 3476 adeo
404 3403 538 3476 fertilis
565 3409 606 3472 ut
631 3398 752 3473 sicubi
767 3399 821 3473 ob'
831 3402 1021 3495 penuriam
1039 3424 1215 3498 aquarum
1232 3402 1344 3503 effeta
1363 3420 1400 3468 aa

286 3537 335 3589 ac
362 3519 421 3589 sui
453 3514 641 3587 dissimilis
676 3520 754 3605 est,
788 3515 903 3585 linum
935 3521 1059 3588 tamen
1089 3522 1153 3587 aut
1178 3523 1343 3610 spartum
1367 3536 1400 3584 ιι

225 3649 260 3703 et
287 3632 373 3702 alat.
424 3625 538 3698 tribus
564 3633 686 3697 autem
712 3632 771 3699 est
796 3627 972 3699 distincta
988 3629 1212 3719 nominibus,
1239 3649 1343 3722 pars·
1367 3648 1399 3696 ιι

287 3764 364 3837 que·
384 3741 466 3811 cius
491 3735 793 3832 Tarraconensis,
820 3723 907 3834 pars
933 3739 1096 3837 Baetica,
1124 3763 1209 3835 pars
1235 3738 1341 3812 Lusi·
1366 3753 1398 3803 ιι

287 3854 385 3924 tania
409 3858 576 3923 vocatur.
618 3848 906 3925 Tarraconensis
925 3856 1040 3927 altero
1058 3855 1179 3946 capite
1198 3852 1338 3924 Gallias
1365 3867 1398 3914 ιι
1515 3953 1517 3957 ¹
1551 3852 1554 3879 *
