3138 4718
173 425 207 478 II.
227 424 253 488 3,
265 424 325 476 4-6
339 422 383 475 Ta.
1242 419 1285 483 43

195 629 206 672 ι
233 620 338 670 mons
356 595 558 690 Taygetus,
585 599 623 669 in
640 596 829 670 Messenia
844 594 1021 668 Messene
1039 594 1284 689 etuMethone3

193 740 207 784 2
233 713 271 782 in
296 711 435 783 Achaia
459 720 569 804 atque
594 709 700 781 Elide
736 708 918 802 quondam
948 706 1057 781 Pisae
1090 707 1284 799 Oenomai,
1314 719 1383 776 242

193 851 208 894 a
233 823 311 895 Elis
329 826 438 897 etiam
461 845 560 913 uum,
589 821 853 916 delubrumque
871 820 1038 915 Olympii
1056 821 1179 913 Jovis,
1206 844 1285 894 cer·

192 962 209 1006 4
233 938 368 1011 tamine
394 938 568 1031 gymnico
594 945 631 1007 et
656 937 832 1028 singulari
859 937 1067 1029 sanctitate,
1095 938 1179 1029 ipso
1206 937 1286 1031 qui·

194 1073 208 1118 s
234 1051 315 1123 dem
342 1058 462 1123 tamen
489 1051 688 1122 simulacro
715 1049 812 1143 quod
829 1047 980 1120 Phidiae
1007 1070 1102 1142 opus
1129 1056 1186 1121 est
1210 1068 1285 1122 ma·

194 1195 209 1240 e
232 1165 332 1236 xime
356 1164 492 1236 nobile.

80 1346 94 1369 ‚
194 1311 208 1355 r
306 1277 499 1348 Arcadiam
525 1276 863 1370 Peloponnesiacae
889 1285 1017 1369 gentes
1043 1278 1206 1372 undique
1230 1279 1284 1350 in·
1312 1290 1348 1344 43

193 1392 396 1483 scingunt.
452 1393 489 1462 in
522 1412 567 1462 ea
598 1399 684 1462 sunt
717 1390 825 1463 urbes
850 1389 1024 1483 PsophiS,
1055 1390 1182 1481 Tenia,
1216 1389 1284 1462 Or·

193 1504 447 1595 sehomenos,
473 1513 618 1576 montes
642 1502 794 1595 Pholoe,
820 1502 1025 1597 Cyllenius,
1052 1503 1283 1598 Parthenius,

177 1643 208 1689 ιο
233 1615 440 1709 Maenalus,
470 1617 621 1689 flumina
644 1615 892 1708 Erymanthus
918 1626 957 1688 et
980 1615 1117 1710 Ladon,
1150 1618 1189 1689 in
1215 1617 1285 1690 Ae-

177 1755 208 1800 11
234 1732 323 1801 tolia
347 1729 575 1825 Naupactus,
608 1731 647 1801 in
671 1731 878 1803 Acarnania
902 1731 1045 1803 Stratos
1071 1731 1220 1827 oppida,
1247 1734 1285 1804 in

178 1864 208 1911 rr
233 1842 346 1937 Epiro
364 1841 556 1916 Dodonaei
571 1844 681 1916 Jovis
699 1846 887 1937 templum,
904 1852 942 1917 et
959 1843 1043 1916 fons
1060 1845 1146 1919 ideo
1165 1866 1284 1949 sacer,

177 1982 209 2030 rs
237 1956 336 2051 quod
376 1978 458 2029 eum
492 1959 543 2031 sit
574 1956 732 2052 frigidus
765 1965 803 2028 et
834 1959 1013 2029 inmersas
1051 1959 1154 2032 laces
1187 1961 1287 2031 sicut

177 2102 210 2148 ιι
234 2072 348 2142 ceteri
372 2073 576 2166 extinguat,
604 2072 665 2143 ubi
691 2072 773 2143 sine
795 2072 881 2163 igne
898 2073 1028 2164 procul
1045 2072 1287 2146 admoventur

177 2212 208 2258 rs
232 2183 417 2256 adcendit.
473 2194 620 2256 etcum
652 2187 763 2256 litora
790 2186 960 2277 leguntur
985 2205 1008 2254 a
1031 2187 1285 2278 promunturio
1312 2195 1348 2248 44

178 2324 208 2370 re
233 2296 390 2390 Sepiade
425 2318 493 2391 per
523 2295 733 2369 Demetrion
770 2303 808 2368 et
836 2296 958 2369 Halon
996 2304 1034 2369 et
1063 2296 1216 2370 Pteleon
1249 2307 1286 2371 et

177 2435 209 2482 ιτ
232 2407 401 2482 Echinon
431 2411 477 2481 ad
508 2409 735 2504 Pagasaeum
774 2413 894 2482 sinum
926 2431 1059 2483 cursus
1091 2419 1160 2482 est.
1222 2413 1285 2484 ille

177 2547 208 2593 ιε
234 2520 360 2595 urbem
391 2522 557 2616 Pagasan
592 2526 784 2617 amplexus
817 2543 959 2594 amnem
990 2523 1193 2616 Sperchion
1223 2546 1285 2597 ac·

176 2660 208 2705 m
234 2636 336 2729 cipit,
363 2645 403 2708 et
426 2638 512 2731 quia
528 2635 681 2727 Minyae
698 2634 876 2708 Colchida
891 2642 1058 2728 petentes
1083 2636 1169 2709 inde
1185 2635 1286 2730 Argo

175 2773 208 2819 ao
232 2770 365 2821 navem
404 2752 552 2822 soluere
582 2746 843 2821 *memoratum
899 2747 945 2821 ab
977 2770 1022 2821 ec
1054 2749 1100 2820 ad
1130 2750 1284 2825 Sunium
1312 2758 1347 2811 45

175 2881 207 2928 21
233 2860 465 2933 tendentibus
490 2864 555 2933 illa
570 2862 877 2955 praenaviganda:
902 2859 1085 2934 Maliacus
1102 2872 1141 2934 et
1157 2863 1284 2957 Opun-

175 2993 208 3039 η
232 2976 308 3046 tius
333 2974 488 3070 grandes
516 2977 632 3068 sinna,
659 2982 697 3046 et
722 2976 759 3045 in
784 2974 841 3045 his
867 2996 1060 3047 caesorum
1084 2977 1193 3048 etiam
1218 2975 1285 3048 La·

175 3108 367 3159 secenum
406 3078 557 3182 tropaea
586 3088 874 3179 Thermopylae,
914 3083 1088 3179 *Opoiis,
1127 3088 1282 3181 Carpha,

175 3222 208 3267 rr
234 3201 448 3295 Cnemides,
486 3185 625 3295 Alope,
664 3200 876 3292 Anthedon,
909 3198 1128 3291 Larunmae,
1162 3201 1282 3293 Aulis,

175 3336 208 3382 aa
231 3315 540 3407 Agamemnoniae
581 3314 848 3407 Graiorumque
889 3314 1023 3384 classis
1066 3315 1103 3384 in
1139 3311 1284 3385 Troiam

175 3447 208 3494 ra
234 3429 501 3500 coniurantium
528 3428 658 3519 static,
693 3424 886 3498 Marathon
918 3444 1129 3518 magnarum
1153 3427 1288 3498 multa-

175 3560 208 3607 ar
233 3560 386 3635 rumque
410 3544 587 3613 virtutum
600 3540 720 3611 testis
747 3541 818 3612 iam
844 3540 928 3611 inde
954 3561 976 3610 a
999 3537 1164 3632 Theseo,
1199 3538 1284 3612 Per-

175 3677 208 3722 re
234 3654 313 3725 sica
336 3657 494 3726 maxime
520 3655 624 3726 clade
650 3661 843 3747 pernotus3
875 3651 1049 3724 Rhamnis
1075 3674 1202 3745 parva,
1229 3656 1283 3726 in·
1310 3671 1346 3724 46

176 3768 359 3839 inlustris
386 3777 526 3860 tamen,
563 3766 661 3861 quod
693 3770 730 3838 in
763 3786 807 3837 ea
837 3767 961 3838 fanum
993 3777 1051 3838 est
1075 3766 1286 3859 Amphiarai

176 3899 208 3944 30
234 3889 271 3952 et
307 3879 483 3953 Phidiaca
521 3880 708 3964 Nemesis3
747 3877 948 3950 *Thoricos
986 3889 1023 3950 et
1060 3876 1284 3951 *Brauronia
