3138 4718
1200 443 1283 496 mx

272 619 321 695 Jn
354 621 576 698 elaborando
608 621 874 697 commentario
905 619 1036 695 critico
1067 618 1105 692 id
1130 621 1282 716 potissi·

174 766 273 818 mum
298 745 504 817 consectati
522 767 664 841 sumus⁷
691 749 732 817 ut
750 764 901 839 magnas
919 763 1011 839 quas
1027 739 1282 817 Tzschuokius

174 869 213 941 in
238 865 399 941 editione
426 848 495 939 sua
522 868 726 941 cumulavit
756 863 971 939 eruditionis
998 887 1108 962 opem
1140 866 1178 943 in
1202 866 1283 940 bre·

174 990 370 1062 vissimum
403 991 562 1085 spatium
594 988 857 1083 redigeremus.
915 987 1152 1063 nihilomiuus
1177 1011 1282 1063 vere·

173 1133 272 1205 mur,
305 1134 351 1183 ne
383 1110 587 1184 lectoribus
619 1111 727 1183 nimis
760 1110 897 1206 prolixi
928 1109 1050 1184 fuisse
1081 1110 1282 1185 videamur.

175 1214 319 1330 siquis
346 1241 468 1306 autem
484 1233 710 1307 Tzschuclrii
735 1241 843 1308 notas
869 1232 1017 1306 criticas
1042 1254 1125 1304 oum
1143 1222 1282 1309 nostris

173 1360 235 1433 vel
259 1358 393 1429 leviter
419 1357 703 1452 comparaverit,
731 1356 765 1426 is
790 1356 902 1429 facile
926 1357 1150 1451 perspiciat,
1178 1357 1283 1429 innu-

173 1499 292 1550 meras
326 1479 508 1552 lectiones
540 1479 686 1573 sutiles,
728 1499 775 1549 ex
813 1476 1058 1552 deterioribus
1092 1478 1283 1553 codicibus

174 1608 353 1696 sumptaS,
382 1623 404 1672 a
428 1600 536 1673 nobis
560 1622 645 1673 esse
668 1600 824 1693 recisas,
853 1601 1012 1675 servatis
1030 1600 1283 1675 tantummodo

175 1723 242 1817 iis,
277 1745 371 1819 quac
397 1721 441 1794 ad
469 1723 633 1796 auctoris
660 1720 772 1796 verba
798 1721 1014 1796 illustranda
1040 1724 1199 1796 alicuius
1226 1746 1283 1798 es·

176 1852 259 1916 sent
274 1846 460 1917 momenti.
510 1843 733 1919 Tzscbuckii
750 1847 1035 1919 commentarius
1053 1849 1281 1943 exegeticus,

175 1967 344 2063 quamvis
364 1968 556 2061 sexaginta
573 1965 704 2041 abhinc
722 1969 826 2039 annis
842 1968 1050 2067 confectus,
1069 1968 1167 2043 haud
1182 1991 1283 2066 sper·
1344 2035 1347 2039 ,

172 2088 328 2162 nendum
353 2090 406 2160 rei
434 2089 722 2187 geographicae,
756 2111 850 2187 quae
876 2091 1024 2187 quidem
1049 2113 1097 2165 ex
1123 2093 1284 2189 antiquis

171 2210 385 2286 auctoribus
410 2211 547 2284 hauriri
571 2219 711 2309 potest,
738 2211 928 2307 praebebit
953 2214 1160 2288 utilitatem.

223 2451 401 2548 Berolini,
419 2473 547 2559 mense
565 2450 719 2527 Octobri
739 2453 845 2528 1866.

953 2649 997 2723 G.
1023 2646 1228 2742 Parthey.
