3134 4710
294 392 336 455 80
1125 378 1127 383 ⁴
1193 396 1239 450 111.
1252 397 1407 461 11-111.

293 568 432 657 velant,
462 587 570 636 carne
596 574 811 656 vescuntur,
844 574 989 658 praeter
1014 569 1135 661 capita
1161 578 1240 642 toto
1267 593 1348 643 cor·
1394 602 1405 645 1

294 699 383 769 pore
410 677 553 748 hirsuti.
601 679 775 749 interiora
793 678 949 750 Cedrosi
976 680 1108 752 dehinc
1125 681 1261 754 Persae
1285 684 1348 754 ha·
1391 710 1405 754 1

294 789 420 861 bitant.
477 789 597 861 Saetis
629 812 695 884 per
727 790 961 883 Carmanios,
1002 815 1115 885 supra
1145 795 1278 866 Sandis
1312 804 1350 868 et
1391 823 1428 883 1

196 910 266 965 auc
295 901 438 973 Choros
465 902 631 973 effluunt.
688 904 726 973 in
750 911 853 997 parte
885 925 979 997 quae
1011 908 1133 998 pelagi
1161 909 1260 979 ostio
1285 909 1348 1003 ad·
1391 937 1407 981 4

292 1036 404 1087 versa
418 1023 476 1086 est
489 1013 776 1107 Babyloniorum
789 1017 879 1087 hnes
894 1015 1234 1112 Chaldaeorumque
1248 1022 1346 1111 sunt,
1391 1048 1406 1093 s

294 1136 332 1199 et
357 1127 431 1199 duo
449 1130 539 1199 clari
557 1149 683 1200 amnes
701 1128 822 1221 Tigris
842 1127 986 1202 Persidi
1006 1134 1169 1226 propior,
1196 1135 1348 1204 ulterior
1391 1163 1405 1207 1

231 1256 265 1307 rr
293 1239 524 1335 Euphrates„
573 1240 693 1335 Tigris
727 1251 768 1312 ut
800 1251 910 1314 natus
944 1252 1003 1315 est
1034 1245 1085 1316 ita
1116 1245 1346 1318 descendens
1390 1273 1404 1316 1

220 1340 225 1349 ’
293 1376 412 1449 usque
443 1356 481 1424 in
513 1354 622 1426 litora
653 1365 829 1450 permeat.
885 1353 1091 1449 Euphrates
1119 1359 1256 1430 inmani
1282 1380 1346 1429 010
1389 1387 1404 1432 1
1452 1349 1455 1354 ’

292 1478 420 1561 aperto
444 1489 518 1539 non
544 1471 621 1539 exit
644 1476 785 1539 tantum
811 1468 908 1541 unde
934 1469 1157 1560 0111110011
1183 1479 1221 1541 et
1239 1480 1347 1542 vaste
1389 1499 1404 1544 c

293 1601 441 1675 quoque
473 1580 628 1672 decidit,
663 1600 733 1652 nec
767 1589 871 1651 secat
902 1581 1078 1653 contiuuo
1109 1603 1240 1675 agroS,
1280 1583 1347 1655 sed
1374 1611 1404 1658 11

292 1697 365 1764 1110
391 1693 548 1765 diffusus
575 1694 614 1763 in
631 1701 774 1786 stagna,
802 1693 865 1764 diu
883 1693 1098 1767 sedentibus
1115 1697 1223 1789 aquis
1243 1697 1347 1790 piger
1373 1725 1403 1771 11

256 1815 259 1818 ’
292 1811 330 1878 01
361 1808 442 1878 sine
475 1808 584 1877 alveo
616 1808 782 1898 patulus,
815 1813 903 1899 post
933 1806 997 1877 ubi
1021 1808 1224 1898 marginem
1248 1808 1348 1900 rupit
1373 1835 1404 1883 11

291 1941 380 1990 vere
405 1920 562 2012 fluvius,
595 1920 834 2013 acceptisque
864 1920 955 2011 rIpis
982 1922 1088 1991 celer
1119 1931 1156 1992 01
1185 1920 1345 1991 fremens
1373 1950 1404 1997 11

292 2053 358 2125 per
373 2030 568 2103 Armenios
595 2039 632 2102 et
655 2030 895 2125 Cappadocas
922 2032 1152 2104 occidentem
1177 2035 1280 2124 petit,
1308 2034 1346 2103 ni
1373 2065 1405 2110 14

208 2152 265 2213 '78
292 2143 434 2216 Taurus
462 2142 584 2214 obstet
608 2146 646 2216 in
671 2154 799 2218 nostra
823 2148 938 2216 1111111
953 2153 1146 2217 venturus.
1189 2144 1274 2216 inde
1299 2145 1346 2216 ad
1373 2178 1404 2224 rs

292 2257 480 2329 meridiem
507 2258 698 2349 avertitur,
725 2265 764 2328 et
788 2260 943 2354 primurn
960 2258 1078 2348 Syros
1102 2266 1191 2329 tunc
1207 2254 1345 2328 Arabas
1373 2290 1403 2337 16

292 2374 483 2462 ingressus
510 2392 584 2441 non
610 2369 783 2464 perdurat
805 2371 843 2441 in
867 2372 1034 2462 pelagus,
1062 2391 1191 2441 verum
1214 2371 1345 2465 ingens
1373 2402 1403 2449 11

291 2484 401 2556 modo
428 2491 465 2555 et
490 2482 736 2576 navigabilis·
756 2482 841 2553 inde
867 2481 990 2553 tenuis
1016 2483 1120 2554 rivus
1147 2484 1344 2577 despectus
1372 2516 1403 2562 1⁸

293 2599 486 2689 emoritur,
521 2604 558 2668 et
589 2617 770 2689 nusquam
795 2593 994 2665 manifesto
1027 2597 1131 2669 exitu
1164 2597 1281 2668 effluit
1306 2603 1346 2665 ut
1371 2626 1402 2671 11

293 2710 356 2781 1111
382 2731 507 2781 amnes
536 2708 601 2780 sed
628 2708 761 2778 delicit.
1157 2762 1159 2766 Α
1369 2734 1402 2780 10

231 2836 265 2888 11
365 2823 529 2895 Alterum
545 2825 652 2893 ‘latus
675 2820 788 2892 ambit
803 2825 912 2917 plaga
930 2846 1023 2916 quae
1041 2826 1135 2893 inter
1151 2830 1345 2915 utrumque
1369 2849 1401 2895 11

291 2940 445 3029 pelagus
471 2935 644 3007 excurrit.
681 2930 815 3005 Arabia
831 2935 965 3008 dicitur
982 2928 1185 3026 cognomen
1202 2931 1402 3005 Eudae-cr

291 3071 400 3140 mon,
418 3055 587 3139 angusta,
615 3067 743 3118 verum
769 3051 926 3121 cinnami
952 3056 988 3117 et
1006 3048 1096 3117 turis
1115 3048 1344 3141 aliorumque
1370 3072 1402 3118 11

291 3162 446 3235 odorum
479 3160 649 3231 1111111110
676 3160 791 3236 ferax.
853 3162 1027 3231 maiorem
1058 3158 1189 3232 Sabaei
1221 3168 1402 3232 1011011111

232 3344 235 3349 .
291 3282 446 3369 partem,
480 3272 578 3344 ostio
604 3275 809 3365 proximam
835 3280 872 3343 et
897 3271 1100 3342 Carmaniis
1127 3274 1344 3345 contrariam
1369 3297 1402 3345 11
1470 3275 1473 3281 ’

291 3387 460 3478 Magnae.
532 3386 690 3459 lhontem
729 3406 824 3479 quae
861 3385 957 3454 inter
999 3387 1097 3456 ostia
1139 3388 1345 3458 ostenditur
1369 3409 1401 3455 11

291 3501 408 3571 silvae
428 3507 629 3594 cautesque
645 3502 879 3590 exasperant.
916 3498 1059 3592 aliquot
1073 3500 1209 3571 suntin
1221 3502 1344 3572 medio
1369 3523 1401 3569 11

290 3615 433 3685 insulae
467 3616 580 3705 sitae,
615 3613 728 3702 Gyris
761 3611 860 3704 quod
891 3612 929 3681 in
962 3633 1005 3682 ea
1035 3610 1216 3703 Erythrae
1246 3615 1343 3706 regis
1369 3635 1402 3681 10

230 3742 264 3795 sc
291 3736 565 3799 monumentum
591 3731 649 3794 est
666 3725 783 3815 magis
803 3725 904 3795 clara
927 3745 1036 3818 quarn
1054 3734 1212 3797 ceterae.
1254 3728 1343 3797 alte·
1369 3747 1402 3793 11

291 3864 371 3912 rum
400 3843 519 3911 sinum
538 3838 700 3931 undique
717 3837 856 3911 Arabes
875 3840 1075 3929 incingunt.
1115 3839 1160 3910 ab
1178 3861 1222 3910 ea
1240 3848 1343 3930 parte
1368 3861 1402 3906 10
1420 3872 1422 3875 -
