3138 4718
165 415 199 468 11.
219 414 244 479 e,
257 414 315 468 3-6
329 414 375 466 Tz.
1239 417 1280 481 53

185 591 341 662 raltero
375 586 561 661 Baeticam
596 588 893 683 Lusitaniamque
932 593 1151 683 contingens
1189 592 1280 662 mari

183 706 338 775 elatera
371 701 486 773 obicit
509 701 647 774 Nostro
679 724 752 796 qua
783 702 993 800 meridiem,
1031 724 1102 796 qua
1134 712 1279 797 septen·

184 839 198 884 a
224 816 380 886 trionem
405 822 549 909 spectat
574 835 728 886 oceano.
778 816 859 886 illas
886 816 1022 886 fluvius
1041 813 1144 887 Anas
1172 837 1278 909 sepa·
1311 862 1332 895 ,·

182 952 198 995 4
224 934 297 1019 rat,
332 933 370 998 et
393 927 478 999 ideo
505 925 653 998 Baetica
678 930 792 999 maria
817 937 972 1022 utraque
996 930 1197 1022 prospicit,
1234 929 1280 1000 ad

183 1041 453 1111 succidentem
493 1041 734 1130 Atlanticum,
777 1040 824 1111 ad
865 1041 1053 1115 meridiem
1085 1040 1276 1125 Nostrum.

183 1150 411 1225 ebusitanis
450 1174 591 1254 oceano
631 1155 882 1226 tantummodo
914 1153 1068 1227 obiecta
1096 1162 1173 1247 est,
1213 1154 1279 1228 sed

184 1290 198 1335 τ
223 1267 338 1336 latere
363 1265 410 1336 ad
436 1267 719 1358 septentriones
737 1265 869 1338 -fronte
894 1265 941 1336 ad
967 1288 1154 1339 occasum

181 1400 197 1445 a
297 1374 446 1454 Urbium
471 1377 518 1449 de
542 1377 818 1450 mediterraneis
848 1379 887 1451 in
911 1377 1177 1453 Tarraconensi
1204 1382 1278 1452 cla·
1305 1398 1375 1455 aas

180 1511 196 1555 o
222 1492 391 1563 rissimae
417 1490 566 1562 fuerunt
590 1487 756 1562 Palantia
787 1498 825 1561 et
848 1489 1063 1581 Numantia,
1096 1513 1194 1563 nunc
1219 1502 1279 1565 est

146 1602 533 1696 .1oCacsaraugusta;
565 1605 603 1674 in
633 1600 820 1676 Lusitania
850 1601 1030 1696 Emerita,
1063 1605 1101 1675 in
1130 1603 1279 1679 Baetica

166 1735 197 1779 11
221 1715 385 1808 Hastigi,
420 1714 572 1809 Hispal,
600 1713 783 1787 Corduba.
841 1722 878 1787 at
904 1718 936 1788 si
960 1718 1069 1788 litora
1101 1718 1222 1810 legas,
1257 1738 1339 1795 aaa

166 1849 198 1894 ra
223 1829 398 1900 Cervaria
422 1828 591 1922 proxima
620 1834 678 1898 est
702 1849 815 1922 rupes
842 1830 999 1923 quaein
1025 1833 1139 1903 altum
1165 1829 1276 1922 Pyre·
1408 1816 1411 1824 ¹

166 1962 354 2014 unacum
385 1939 565 2033 extrudit,
605 1939 689 2012 dein
720 1939 821 2014 Ticis
854 1942 989 2014 flumen
1020 1943 1067 2014 ad
1099 1942 1276 2035 Rhodam,

166 2059 197 2115 14
223 2055 441 2128 Clodianum
465 2053 513 2125 ad
537 2050 746 2147 Emporias,
779 2064 856 2126 tum
881 2076 988 2128 mons
1013 2055 1134 2150 Jovis,
1169 2061 1276 2131 cuius

166 2184 196 2231 rc
221 2176 361 2263 partem
404 2164 590 2239 occidenti
630 2166 843 2259 adversam,
887 2170 1084 2242 eminentia
1117 2173 1276 2243 cautium

167 2302 197 2348 ra
223 2302 315 2378 quae
340 2282 436 2351 inter
461 2281 595 2370 exigua
627 2281 747 2373 spatia
779 2288 820 2351 ut
846 2280 981 2373 gradus
1007 2282 1162 2354 subinde
1188 2305 1276 2356 con·

165 2389 197 2463 1'7
223 2402 395 2493 surgunt,
434 2393 563 2490 Scalas
588 2390 811 2490 vHannibalis
850 2394 1047 2488 adpellant.
1110 2395 1197 2468 inde
1229 2397 1275 2468 ad
1304 2419 1338 2471 ao

165 2528 196 2574 rs
220 2508 462 2579 Tarraconem
478 2527 595 2600 parva
614 2511 701 2578 sunt
716 2506 853 2601 oppida
869 2505 1020 2601 Blande,
1047 2506 1156 2600 Luro,
1182 2506 1274 2583 Bae-

164 2642 195 2688 m
221 2621 311 2713 tulo,
339 2617 509 2709 Barcin0,
532 2618 666 2708 Subur,
693 2616 823 2691 Tolobi
830 2642 839 2704 ;
867 2641 983 2713 parva
1008 2622 1159 2694 flumina
1182 2620 1273 2694 Bae-

162 2751 194 2799 rc
220 2736 298 2805 tulo
330 2735 435 2804 iuxta
464 2729 573 2802 Jovis
605 2738 784 2824 montem,
817 2729 1054 2806 Rubricatum
1087 2736 1125 2806 in
1152 2732 1272 2807 Barci-

66 2839 70 2849 '
162 2863 193 2910 21
219 2847 328 2919 nonis
353 2846 475 2935 litore,
502 2846 597 2915 inter
622 2842 742 2915 Subur
767 2853 805 2915 et
823 2842 983 2918 Tolobin
1005 2845 1138 2920 Maius.
1186 2846 1271 2920 Tar-

161 2975 306 3032 taraco
339 2956 425 3028 urbs
458 2965 516 3028 est
546 2958 584 3027 in
623 2955 681 3027 his
720 2958 796 3029 oris
828 2958 1087 3031 maritimarum
1120 2964 1271 3054 opulen-

161 3088 194 3136 ta
219 3074 378 3146 tissima:
402 3068 529 3141 Tulcis
555 3091 636 3142 eam
659 3067 828 3141 modicus
853 3071 984 3160 amnis,
1014 3093 1125 3164 super
1139 3075 1271 3165 ingens

161 3204 194 3252 nc
217 3185 352 3258 Jberus
370 3180 592 3255 *Dertosam
617 3181 781 3275 adtingit.
823 3182 909 3254 inde
935 3204 977 3255 se
1002 3185 1041 3254 in
1065 3192 1189 3286 terras
1208 3207 1272 3279 pe·
1299 3209 1331 3261 or

161 3317 194 3364 aa
218 3301 324 3392 lagus
354 3298 533 3388 insinuat,
567 3302 605 3366 ct
633 3295 788 3388 primum
819 3315 952 3387 magno
983 3296 1109 3389 inpetu
1136 3296 1271 3370 admis-

160 3429 194 3475 ce
218 3433 299 3483 sum
330 3399 427 3482 mcx'
450 3407 488 3478 in
515 3407 609 3478 duos
636 3408 741 3498 sinus
774 3409 1029 3501 promunturio
1061 3408 1160 3502 quod
1185 3407 1270 3482 Fer·

159 3526 346 3595 arariam
383 3529 521 3594 vocant
558 3518 716 3591 finditur.
778 3522 880 3615 prior
909 3518 1178 3594 *Sucronensis
1217 3522 1270 3596 di·
1297 3545 1331 3597 aa

159 3658 193 3705 rs
217 3639 332 3727 citur,
367 3636 556 3726 maiorque
572 3653 627 3703 ac
654 3652 787 3724 magno
819 3635 911 3706 satis
937 3656 1002 3707 ore
1027 3636 1181 3727 pelagus
1207 3649 1267 3713 aa*

159 3773 190 3819 ro
217 3750 378 3842 cipienS,
411 3755 449 3816 et
474 3766 547 3838 quo
572 3745 689 3835 magis
721 3754 931 3838 penetratur
959 3749 1167 3839 angustior,
1199 3747 1266 3819 So-

159 3885 191 3929 ao
217 3861 320 3933 robin
346 3867 384 3930 et
407 3857 551 3930 Turiam
579 3865 615 3926 et
640 3855 844 3930 Sucronem
873 3879 945 3929 non
970 3880 1102 3950 magna
1127 3860 1267 3952 excipit
1294 3917 1314 3925 ..
