3138 4718
460 1208 772 1296 PRAEFATIO
811 1209 1079 1296 EDITOBIS.

301 1553 502 1695 Perpauea
534 1609 622 1675 aunt
646 1620 742 1697 quaa
768 1599 813 1672 de
839 1597 1035 1696 Pomponii
1059 1601 1183 1676 Malae
1206 1603 1324 1697 patria

216 1731 255 1798 at
279 1720 399 1796 aetate
424 1720 535 1797 nobis
559 1723 809 1814 innotuerunt,
837 1738 954 1820 eaqua
979 1724 1164 1820 exipsius
1182 1732 1324 1799 tanturn

217 1843 312 1918 libro
349 1844 560 1918 baruianda.
630 1867 677 1919 ax
721 1847 919 1942 hispanico
957 1845 1114 1941 oppid0‚
1158 1848 1324 1944 alioquin

217 1969 364 2063 ignata,
398 1968 461 2039 aui
484 1965 727 2062 Tingenterae
756 1988 910 2062 nornen,
944 1967 1139 2042 oriundum
1171 1990 1212 2042 ae
1238 1990 1323 2042 esse

217 2088 379 2165 declarat
412 2086 462 2179 (2
485 2088 580 2184 Bb),
619 2089 853 2184 imperatoria
884 2091 1026 2165 romani
1058 2090 1104 2164 de
1136 2087 1325 2163 Britannia

216 2210 435 2306 triumphum
461 2209 560 2284 baud
583 2209 752 2304 ambigue
777 2212 899 2286 innuit
923 2211 965 2301 (3
989 2210 1071 2304 ta).
1116 2212 1179 2308 qui
1197 2212 1322 2286 trium·

215 2332 312 2428 phus
339 2333 372 2406 ri
400 2330 590 2428 Caligulae
615 2333 859 2428 adscribitur,
891 2334 929 2407 in
955 2353 1088 2406 annum
1115 2332 1163 2406 40
1178 2355 1215 2429 p.
1230 2331 1272 2405 C.
1286 2354 1321 2406 n.

215 2452 358 2547 inuidit,
386 2456 419 2527 ai
436 2452 606 2549 Claudio,
633 2456 680 2528 ad
703 2476 839 2530 annum
858 2454 905 2529 ta
923 2479 959 2552 p.
973 2452 1060 2528 Cn.
1084 2460 1144 2527 est
1162 2451 1322 2527 referan-

215 2577 299 2651 113.
350 2583 454 2651 erant
474 2577 543 2672 xqui
570 2576 616 2651 de
640 2576 743 2651 Julio
768 2576 940 2672 Caesare,
967 2573 1192 2651 Britanniam
1216 2576 1322 2649 annis

216 2698 263 2773 bb
281 2706 320 2772 et
335 2699 383 2772 54
399 2721 434 2771 a.
449 2696 489 2770 C.
504 2720 540 2771 n.
566 2700 736 2793 ingressu
763 2702 985 2795 cogitarent3
1012 2700 1045 2770 ie
1071 2707 1193 2773 autem
1217 2717 1321 2771 num·

216 2838 345 2915 qnam,
377 2819 478 2916 quud
503 2822 685 2914 aciamus,
718 2820 764 2895 de
789 2818 977 2895 Britannia
1002 2820 1252 2916 triumphavit.

287 2940 393 3017 Jntar
424 2939 534 3015 Plinii
565 2941 688 3017 fontes
719 2941 890 3016 laudatur
919 2940 1020 3016 Mela
1049 2940 1235 3015 Naturalis
1268 2940 1322 3013 hl·

215 3066 354 3141 storiae
379 3062 483 3137 libris
509 3063 545 3139 3.
570 3064 605 3138 4.
632 3065 667 3139 5.
690 3065 726 3138 6.
752 3063 788 3157 B.
816 3062 872 3137 12.
899 3062 954 3136 13.
980 3062 1041 3135 21.
1066 3061 1127 3135 22.
1154 3064 1218 3159 qui
1237 3083 1321 3135 eum

214 3187 379 3262 &nanae
410 3185 623 3282 philosophi
653 3186 802 3260 fratrem
833 3186 896 3257 vel
927 3182 1060 3277 filium,
1094 3185 1157 3257 vel
1187 3185 1224 3258 si
1251 3180 1321 3257 Dis

215 3311 355 3405 placet,
394 3306 537 3381 Numae
567 3308 667 3403 regis
699 3308 916 3402 abnepotem
947 3304 1071 3379 iecere
1102 3306 1175 3379 viri
1207 3304 1321 3397 doeti,

214 3448 336 3529 nequa
362 3437 568 3526 temporum
584 3431 762 3503 rationem
779 3448 899 3524 neque
922 3426 1133 3524 adoptionis
1150 3447 1322 3502 romanae

215 3555 319 3647 leges
344 3555 440 3629 satis
464 3550 749 3648 perpenderunt

290 3671 413 3755 Mare
444 3675 490 3750 de
516 3650 783 3769 uborugrapbia
812 3670 897 3749 libri
927 3679 1003 3745 trae
1029 3671 1322 3767 antiquissimam

214 3795 321 3875 urbia
343 3793 534 3881 veteribus
564 3796 644 3871 nati
677 3794 852 3873 exhibent
882 3792 1188 3888 descriptionem,
1220 3811 1243 3862 a
1268 3789 1322 3862 di·
