3138 4718
173 397 206 452 Il.
220 398 245 462 2,
258 399 317 452 7-8
331 393 375 450 Tz.
1241 397 1283 462 39

193 603 204 647 ι
230 572 478 645 memorabilis
499 580 573 644 est.
630 574 668 644 in
694 594 738 643 ea
762 572 895 644 flumen
920 573 1058 666 Aegon
1090 574 1283 676 naufragio

189 687 364 760 celassis
396 685 540 757 Atticae
572 687 735 778 insigne3
779 670 847 756 est⁸
868 694 905 757 et
936 684 1069 777 Abydo
1108 687 1281 759 obiacens

189 827 203 871 a
230 799 372 890 SestoS,
398 795 553 869 Leandri
578 814 702 870 amore
729 796 935 890 pernobile3
969 807 1027 870 est
1053 808 1090 871 et
1115 800 1218 891 regio
1244 801 1282 871 in

189 940 204 984 4
230 934 302 1006 qua
326 910 520 983 Persarum
545 912 732 982 exercitus
758 910 900 983 divisas
927 914 1049 1005 spatio
1074 914 1281 1007 pelagoque

188 1036 344 1096 aterras
379 1045 492 1096 ausus
524 1022 698 1116 pontibus
731 1025 901 1117 iungere,
933 1026 1065 1096 mirum
1091 1031 1201 1119 atque
1226 1028 1281 1097 in·

188 1161 202 1206 a
229 1159 319 1230 gens
345 1136 508 1210 facinus!
537 1158 584 1207 ex
609 1135 697 1206 Asia
723 1137 760 1206 in
787 1136 978 1208 Graeciam
1004 1136 1118 1230 pedes
1144 1147 1182 1210 et
1206 1160 1280 1212 non

78 1310 81 1317 ⁴
188 1277 201 1320 7
226 1254 399 1344 navigata
428 1251 543 1320 maria
574 1257 828 1341 transgressus
862 1259 938 1336 est3
971 1259 1058 1323 sunt
1087 1249 1280 1324 Protesilai

186 1391 201 1435 a
227 1387 315 1437 ossa
340 1370 555 1435 consecrata
581 1361 749 1447 delubr03
782 1370 841 1434 est
871 1371 909 1436 et
933 1373 1061 1458 portus
1085 1366 1277 1458 Scaeolos,

185 1504 200 1549 θ
225 1477 509 1550 Atheniensibus
536 1485 574 1546 et
589 1473 889 1547 Lacedaemoniis
914 1478 1037 1549 navali
1054 1480 1135 1551 acic
1153 1478 1279 1550 decer·

169 1616 200 1664 m
226 1590 396 1662 nantibus
421 1587 625 1660 Laconicae
658 1589 792 1659 classis
824 1589 990 1682 signatus
1024 1590 1188 1676 excidi03
1220 1596 1279 1662 est

168 1733 199 1779 11
225 1700 377 1796 *Cynos
406 1721 525 1793 sema,
560 1701 721 1771 tumulus
747 1698 943 1795 Hecubae,
977 1703 1059 1783 sive
1091 1724 1139 1775 ex
1163 1704 1278 1795 ligura

169 1846 200 1894 n
226 1818 391 1890 canisio
418 1835 525 1909 quam
552 1832 734 1885 conversa
759 1813 926 1908 traditur,
954 1817 1037 1889 sive
1059 1837 1106 1888 ex
1129 1815 1277 1888 fortuna

167 1961 199 2008 n
225 1932 263 2002 in
295 1950 403 2024 quarn
435 1927 638 2018 deciderat,
674 1924 807 1998 humili,
834 1929 982 2000 nomine
1012 1938 1186 2023 accept03
1219 1937 1276 2001 est

167 2072 199 2119 14
222 2042 414 2136 Madytos,
441 2049 499 2112 est
523 2037 635 2111 Eleus
662 2060 756 2132 quae
781 2039 860 2111 linit
884 2034 1177 2135 Hellespontum.

166 2184 197 2232 rs
295 2157 480 2250 Aegaeum
518 2154 641 2225 statim
678 2155 832 2246 pelagus
866 2164 973 2228 vaste
1003 2158 1155 2250 longum
1185 2158 1275 2230 litus
1303 2176 1373 2233 aar

166 2298 198 2344 ro
223 2270 384 2363 inpellit,
418 2272 694 2360 summotasque
725 2274 842 2337 terras
872 2267 960 2339 hinc
990 2268 1036 2339 ad
1061 2278 1274 2361 promuntu·
1328 2294 1330 2299 ·

166 2408 197 2455 n
223 2383 317 2455 rium
343 2380 442 2475 qnod
466 2380 620 2451 Sunium
645 2368 801 2450 vocatur
833 2396 977 2473 magno⁴
992 2380 1130 2452 ambitu
1155 2378 1273 2452 molli·

165 2518 197 2566 rs
223 2516 294 2589 que
331 2492 558 2583 circumagit.
616 2492 698 2564 eius
737 2498 892 2563 tractum
922 2491 1129 2584 legentibus
1169 2512 1274 2586 prae·

164 2609 416 2701 revectisque
442 2604 661 2676 Mastusiam
692 2605 798 2678 sinus
829 2607 1019 2679 intrandus
1049 2614 1107 2678 est
1132 2608 1196 2700 qui
1221 2608 1273 2678 al-

162 2748 196 2798 ao
220 2730 337 2794 terum
352 2718 608 2791 Chersonense
633 2720 731 2788 latus
757 2717 909 2789 abluens
935 2720 1024 2812 iugo
1048 2719 1147 2792 facie
1163 2720 1272 2792 vallis

162 2862 193 2909 21
219 2832 432 2923 includitur,
459 2837 497 2902 et
521 2848 569 2901 ex
593 2829 707 2902 fluvio
730 2846 839 2923 quem
857 2833 995 2924 accipit
1011 2826 1132 2905 Melas
1149 2832 1271 2905 dictus

161 2975 195 3023 aa
219 2948 311 3020 duas
349 2946 458 3016 urbes
498 2944 746 3035 amplectitur,
785 2940 1132 3037 *Alopeconnesum
1164 2946 1271 3017 etin

161 3065 335 3137 waltero
366 3058 501 3131 Jstbmi
531 3057 640 3128 litore
673 3056 782 3127 sitam
808 3054 987 3127 Cardiam.
1043 3059 1179 3129 eximia
1212 3066 1270 3129 est

161 3200 194 3247 24
217 3174 339 3246 Aenos
365 3169 410 3245 ab
436 3170 559 3242 Aenea
584 3168 743 3261 prologo
773 3168 932 3241 condita.
983 3170 1083 3240 circa
1107 3168 1268 3241 Hebrum
1295 3189 1330 3242 aa

160 3314 193 3363 aa
219 3287 397 3379 Cicones,
416 3284 419 3290 ’
437 3292 539 3353 nans
577 3280 733 3354 eundem
771 3279 973 3373 Doriscos,
1013 3277 1076 3352 ubi
1106 3279 1269 3352 Xerxem

160 3426 194 3475 aa
219 3400 344 3492 copias
370 3414 460 3469 suas
485 3394 570 3488 quia
596 3414 748 3466 numero
763 3414 847 3466 non
871 3399 1016 3488 poterat
1032 3395 1152 3487 spatio
1167 3412 1268 3467 men·

159 3534 192 3583 rr
220 3533 301 3583 sum
318 3512 452 3583 ferunt.
496 3507 580 3577 dein
597 3510 888 3600 promunturium
905 3507 1111 3601 Seriphion,
1139 3519 1177 3579 et
1193 3526 1267 3602 quo

159 3648 192 3697 aa
218 3632 409 3697 canentem
435 3619 582 3712 Orphea
608 3626 737 3690 secuta
766 3630 957 3691 narrantur
981 3622 1091 3691 etiam
1116 3636 1266 3692 nemora

158 3762 193 3811 rs
216 3737 330 3810 Zone.
387 3742 463 3807 tum
489 3733 646 3805 Sthenos
670 3732 827 3825 fluvius,
861 3741 899 3804 ct
928 3735 1020 3826 ripis
1052 3734 1134 3804 eius
1164 3734 1263 3806 adia·

159 3875 191 3922 ao
218 3872 306 3926 cens
332 3848 512 3921 Maronia.
