3138 4718
300 394 343 458 50
1205 399 1238 452 11.
1258 401 1413 465 5,1-4uz.

204 584 273 639 274
375 567 495 639 Gallia
523 566 706 639 Lemanno
740 572 823 641 lacu
856 580 893 640 et
919 570 1139 643 Cebennicis
1171 576 1357 646 montibus
1402 606 1412 647 1

298 682 336 752 in
363 681 436 751 duo
462 682 578 751 latera
602 681 736 771 divisa,
764 689 873 778 atque
891 684 1006 756 altero
1023 683 1185 756 Tuscum
1202 689 1356 778 pelagus
1399 715 1412 758 ι
1465 743 1470 753 .

298 791 492 885 adtingens
509 796 625 864 altero
644 814 836 886 oceanum,
863 796 924 865 hic
941 796 1077 867 aVaro
1095 798 1172 869 illic
1190 819 1212 865 a
1228 797 1355 868 Rheno
1398 829 1412 873 a

297 907 344 978 ad
357 904 588 997 Pyrenaeum
608 928 728 1000 usque
743 907 986 1005 permittitur.v
1012 931 1099 1002 pars
1114 908 1251 980 Nostro
1265 911 1357 980 mari
1397 941 1413 984 4

176 1017 179 1021 ’
297 1015 470 1111 adposita
503 1016 593 1106 (fuit
618 1018 816 1111 aliquando
844 1016 996 1090 Bracata
1021 1041 1119 1091 nunc
1143 1019 1355 1092 Narboncnss
1399 1051 1412 1096 ι

298 1131 378 1217 sis)
419 1137 476 1201 est
505 1131 623 1221 magis
665 1133 765 1202 culta
801 1139 839 1203 et
875 1133 993 1224 magis
1025 1133 1168 1203 consita
1197 1131 1355 1226 ideoque
1399 1168 1413 1211 ι

237 1265 272 1318 75
299 1242 410 1313 etiam
435 1245 578 1314 laetior.
629 1242 773 1314 urbium
799 1265 891 1337 quas
916 1244 1025 1339 habet
1049 1246 1355 1336 opulentissimae
1388 1244 1413 1322 'r

246 1391 250 1398 ·
300 1363 388 1425 sunt
429 1353 544 1426 Vasio
583 1354 872 1446 Vocontiorum,
917 1355 1060 1426 Vienna
1101 1356 1354 1450 Allobrogum,
1399 1389 1413 1434 a

297 1466 468 1540 Avennio
495 1466 690 1560 Cauarum,
716 1467 1017 1541 Arecomicorum
1036 1468 1258 1561 Nemausus,
1285 1469 1355 1542 To·
1398 1506 1413 1551 ι

298 1583 381 1653 losa
405 1579 666 1673 Tectosagum,
700 1581 1000 1653 Secundanorum
1025 1581 1198 1673 Arausio,
1227 1584 1356 1655 Sexta·
1383 1614 1413 1659 m

299 1712 428 1765 norum
454 1694 615 1785 Arelate,
646 1694 942 1787 Septimanorum
966 1692 1149 1766 Beterrae.
1201 1695 1268 1767 sed
1293 1717 1355 1767 an·
1382 1726 1412 1770 ιι

299 1812 413 1878 testat
444 1807 613 1877 omnibus
640 1805 879 1878 Atacinorum
903 1804 1261 1901 Decimanorumque
1291 1829 1355 1878 co·
1382 1836 1413 1882 ιι

298 1920 417 2010 lonia,
452 1918 549 1990 unde
576 1919 665 1989 olim
695 1918 753 1990 his
785 1919 893 1990 terris
926 1920 1105 1991 auxilium
1135 1920 1224 2012 fuit,
1258 1940 1356 1991 nunc
1383 1947 1413 1993 ra

238 2046 272 2100 ra
301 2037 340 2102 et
370 2051 504 2104 nomen
535 2039 574 2102 et
605 2028 720 2102 decus
754 2039 812 2102 est
836 2029 994 2102 Martius
1008 2030 1155 2103 ‘Narbo
1206 2033 1244 2101 in
1272 2032 1414 2105 lito-14

298 2142 402 2215 ribus
428 2144 568 2236 aliquot
593 2149 680 2213 sunt
705 2163 788 2214 cum
814 2142 1003 2236 aliquibus
1022 2143 1230 2214 nominibus
1255 2145 1355 2216 loca:
1381 2173 1414 2219 ιι
1495 2224 1498 2230 ,

286 2256 462 2328 ceterum
493 2276 598 2328 rarae
629 2255 738 2327 urbes
771 2258 858 2348 quia
881 2258 955 2326 rari
980 2264 1131 2350 portua,
1167 2263 1204 2326 et
1235 2258 1355 2327 omnis
1382 2285 1414 2330 ιι

299 2371 410 2463 plaga
440 2374 568 2439 austro
600 2374 711 2462 atque
743 2367 860 2439 africo
892 2369 1063 2463 exposita
1094 2374 1162 2438 est
1217 2366 1414 2442 Nicaeam

300 2481 418 2574 tangit
447 2481 581 2574 Alpes,
620 2481 737 2571 tangit
768 2479 944 2573 oppidum
974 2479 1199 2573 Deciacum,
1240 2484 1357 2573 tangit
1384 2510 1414 2556 ιι

237 2613 271 2665 aa
301 2594 498 2686 Antipolis.
550 2591 681 2664 deinde
707 2601 766 2665 est
791 2590 921 2665 Forum
947 2591 1039 2679 Juli,
1067 2591 1356 2664 Octavianorum
1383 2621 1414 2666 ιι

300 2707 462 2777 colonia:
488 2707 565 2776 tum
583 2712 670 2797 post
686 2699 946 2809 Athenopolim
964 2713 1001 2775 et
1019 2702 1165 2777 Olbiam
1181 2713 1219 2775 et
1237 2702 1356 2776 *Tau
1382 2730 1415 2778 ιι

299 2820 381 2889 rion
422 2825 459 2889 et
497 2815 720 2891 Citharisten
759 2825 818 2889 est
851 2814 1028 2907 Lacydon
1065 2818 1356 2889 Massiliensium
1382 2845 1414 2891 ιι

300 2938 446 3023 portus,
479 2938 517 3000 et
540 2931 578 3001 in
604 2952 649 3001 eo
675 2932 756 3024 ipsa
780 2928 962 3000 Massilia.
1013 2930 1104 3000 hacc
1129 2951 1151 2999 a
1177 2927 1356 3004 Phocaeis
1382 2956 1415 3002 ιι

301 3042 455 3113 oriunda
481 3049 519 3115 et
544 3045 631 3121 olim
658 3045 752 3113 inter
778 3063 927 3140 asperas
941 3043 1089 3135 posita,
1116 3064 1215 3115 nunc
1237 3050 1278 3114 ut
1293 3066 1358 3137 pa·
1383 3068 1416 3115 ιι

301 3156 395 3226 catis
422 3156 474 3226 ita
500 3155 759 3227 dissimillimis
787 3164 908 3224 tamen
931 3155 1056 3224 vicina
1079 3154 1264 3249 gentibus,
1290 3158 1358 3226 mi·
1384 3180 1417 3226 ιι

301 3290 382 3339 rum
416 3288 525 3363 quam
556 3266 668 3339 facile
702 3275 739 3337 et
769 3275 856 3336 tunc
884 3265 1011 3337 sedem
1035 3268 1192 3339 alienam
1218 3271 1417 3361 ceperit-re

242 3398 276 3452 78
303 3390 343 3454 et
368 3382 488 3453 adhuc
513 3401 651 3451 morem
678 3399 786 3449 suum
811 3386 946 3449 teneat.
990 3380 1088 3450 inter
1107 3401 1191 3451 eum
1209 3389 1246 3451 et
1263 3380 1360 3455 Rho·
1384 3405 1417 3452 ιι
1500 3448 1502 3453 ,

304 3495 439 3567 danum
455 3493 643 3565 Maritima
657 3489 898 3562 Auaticorum
911 3500 1049 3584 ¹stagno
1066 3493 1223 3585 adsidet,
1243 3491 1361 3566 Fossa
1384 3518 1418 3564 ιι

201 3610 204 3615 ’
303 3608 472 3681 Mariana
504 3613 643 3699 partem
675 3606 756 3676 eius
788 3606 905 3676 amnis
937 3605 1135 3703 navigabili
1166 3609 1275 3707 alveo
1306 3607 1359 3678 ef·
1378 3630 1418 3676 aa

303 3723 436 3794 fundit.
494 3719 660 3810 alioquin
692 3719 779 3795 litus
813 3717 973 3808 ignobile
999 3727 1076 3808 est,
1109 3718 1294 3813 lapideum
1320 3727 1360 3788 ut
1385 3738 1417 3784 ιι

305 3842 453 3922 vocant,
487 3833 524 3900 in
551 3851 625 3924 quo
653 3829 850 3902 Herculem
876 3839 1004 3902 contra
1027 3832 1185 3902 Albiona
1210 3840 1247 3900 et
1271 3826 1358 3898 Ber·
1384 3849 1417 3895 ao
1550 3844 1553 3871 r
