3134 4710
44 387 98 483 sp
169 408 214 460 nr.
236 376 391 472 racel.
549 426 551 429 ·
1240 405 1283 473 '63

190 611 202 655 1
230 632 242 665 .
303 580 387 653 Huc
404 600 577 673 egressos
596 586 869 672 sequentesque
888 600 932 651 ea
951 602 1043 673 quae
1063 576 1281 655 exeuntibus
1311 601 1325 655 3
1346 605 1362 657 3

188 722 202 766 a
229 693 359 764 dextra
391 701 478 764 sunt
515 713 653 787 aequor
686 692 909 764 Atlanticum
947 702 984 764 et
1016 716 1080 766 ora
1112 694 1283 768 Baeticae

189 804 362 882 efrontis
388 805 549 898 excipit,
583 826 677 896 quae
710 806 782 875 nisi
799 807 914 897 -quod
940 807 1055 877 semel
1079 809 1284 902 iterumque

188 918 417 1012 epaululum
454 918 492 987 in
531 925 648 988 semet
679 917 873 989 abducitur
903 940 1023 1017 usque
1054 919 1101 990 ad
1132 921 1284 991 fluvium

190 1054 204 1098 s
230 1031 347 1102 Anam
372 1052 490 1125 paene
521 1036 718 1101 recteest.
774 1008 926 1101 Turduir
956 1040 993 1102 et
1015 1031 1157 1104 Bastuli
1184 1033 1285 1105 habi·
1312 1049 1329 1098 4

190 1153 320 1216 stant.
370 1145 410 1216 in
440 1145 609 1236 proximo
644 1144 729 1213 sinu
762 1153 891 1236 portus
919 1154 978 1245 est
1002 1168 1111 1238 quem
1137 1147 1285 1217 Gadita-

191 1278 338 1349 rnum,
377 1263 415 1328 et
445 1246 569 1328 lucus¹
588 1276 694 1348 quem
727 1254 938 1328 Oleastnun
972 1258 1175 1351 adpellant,
1211 1270 1287 1332 tum
1406 1304 1411 1313 ·

190 1392 205 1436 r
231 1370 425 1442 castellnm
441 1366 562 1443 Ebora
584 1369 622 1438 in
648 1371 754 1439 litore
780 1377 817 1439 et
843 1373 972 1462 procul
997 1392 1019 1440 a
1042 1372 1150 1442 litore
1170 1372 1287 1443 Hasta

189 1483 390 1581 acolonia.
445 1488 550 1553 extra
573 1480 730 1552 Junonis
763 1502 825 1551 arn
860 1485 1108 1576 templumque
1138 1493 1215 1577 est,
1229 1487 1234 1503 ’
1248 1487 1286 1554 in

175 1618 206 1663 ιο
232 1596 313 1687 ipso
338 1595 431 1667 mari
455 1605 732 1665 monumentum
758 1592 957 1687 Caepionis
986 1599 1141 1687 scopulo
1166 1599 1285 1689 magis

140 1707 748 1799 ·1rquaminsula'einpositum.
798 1704 924 1777 Baetis
949 1729 997 1778 ex
1020 1707 1330 1780 Tarraconensis
1441 1745 1450 1761 ·

176 1846 207 1893 ιε
233 1819 383 1908 regione
408 1817 593 1889 demissus
610 1803 686 1910 'per
709 1818 804 1889 hanc
828 1818 906 1889 fere
931 1819 1088 1890 mediam
1109 1819 1171 1896 diu
1190 1823 1286 1892 sicut

175 1960 207 2006 rs
233 1931 398 2002 nascitur
423 1950 497 2001 uno
527 1950 634 2000 amne
663 1930 844 2021 decurrit,
877 1941 964 2023 post
990 1930 1052 2003 ubi
1075 1954 1150 2003 non
1175 1933 1286 2025 longe

176 2071 208 2116 14
233 2064 255 2112 a
278 2044 385 2112 mari·
396 2042 570 2136 grandem
595 2044 716 2124 lacum
741 2042 832 2113 fecit
858 2046 963 2135 quasi
989 2066 1037 2114 ex
1060 2065 1160 2116 novo
1183 2046 1285 2117 fonte

52 2207 54 2211 -
176 2182 207 2229 rs
232 2156 401 2248 geminus
428 2155 608 2245 exoritur,
640 2162 873 2248 quantusque
900 2157 1060 2250 simplici
1086 2159 1193 2228 alveo
1219 2180 1283 2229 ve·
1402 2248 1405 2253 ⁴

177 2295 208 2340 re
232 2275 336 2339 nerat
352 2273 475 2338 tantus
493 2267 651 2358 singulis
668 2267 797 2348 effluit.
841 2276 916 2338 tum
936 2270 1039 2346 sinus
1057 2272 1149 2340 alter
1166 2292 1285 2363 usque

178 2407 208 2451 rr
233 2378 281 2450 ad
317 2381 424 2453 finem
461 2380 677 2473 provinciae
715 2380 933 2474 inflectitur,
977 2402 1135 2474 eumque
1171 2403 1285 2476 parva

169 2516 209 2562 ra
234 2493 369 2588 oppida
394 2492 562 2585 Olintigi,
590 2491 784 2585 Qnolappa
809 2495 1037 2586 contingunt.

178 2631 209 2677 ra
306 2605 355 2677 At
385 2603 574 2677 Lusitania
605 2614 707 2678 trans
739 2604 873 2697 Anam,
907 2628 979 2699 qua
1006 2628 1106 2679 mare
1130 2606 1329 2679 Atlanti-o

177 2746 210 2793 ro
234 2739 318 2789 cnm
342 2726 500 2812 spectat,
526 2718 681 2810 primum
707 2719 845 2811 ingenti
867 2720 992 2811 inpetu
1009 2721 1047 2790 in
1065 2723 1178 2791 altum
1196 2722 1284 2808 abit,

176 2859 209 2905 ar
235 2829 321 2901 dein
345 2831 488 2901 resistit
512 2834 557 2900 'ac
580 2851 624 2900 se
648 2831 767 2921 magis
793 2830 902 2901 etiam
928 2852 1036 2923 quam
1053 2829 1203 2904 Baetica
1224 2834 1285 2904 ab·
1438 2918 1441 2922 Α

177 2973 210 3019 aa
234 2942 350 3014 *ducit
405 2963 478 3036 qua
509 2941 692 3035 prominet
716 2941 772 3011 bis
804 2942 842 3012 in
873 2951 990 3014 semet
1020 2953 1171 3037 recepto
1194 2947 1330 3017 marii

178 3085 210 3132 ra
237 3056 275 3126 in
300 3055 369 3125 tria
393 3054 646 3148 promunturia
668 3053 907 3145 dispergitur:
936 3052 1039 3125 Anae
1064 3040 1285 3148 proximum,

177 3186 213 3241 ae
236 3169 322 3260 quia
345 3168 420 3237 lata
445 3166 534 3238 sede
558 3187 780 3260 procurrens
805 3166 980 3259 paulatim
1006 3187 1047 3237 se
1073 3187 1117 3237 ac
1143 3189 1212 3238 sua
1235 3172 1288 3239 la·

178 3310 212 3357 25
236 3286 315 3353 tera
330 3278 493 3369 fastigat,
514 3275 662 3348 Cuneus
680 3299 767 3369 ager
784 3278 932 3370 dicitur,
960 3297 1119 3369 sequens
1137 3279 1288 3352 Sacrum

96 3470 99 3475 ⁴
179 3394 390 3482 revocant,
429 3386 605 3483 Magnum
643 3390 759 3483 quod'
779 3391 934 3460 ulterius
966 3397 1036 3461 est.
1093 3391 1131 3463 in
1155 3389 1289 3464 Cuneo

152 3485 155 3491 ¹
179 3492 326 3592 nsunt
342 3501 499 3594 Myrtili,
518 3500 635 3594 Bali0,
655 3501 866 3593 Ossonoba,
885 3503 923 3573 in
940 3501 1055 3573 Sacro
1068 3499 1290 3597 Lattobrigal

179 3643 213 3689 aa
239 3625 278 3688 et
300 3615 434 3687 Portus
450 3614 682 3705 Hannibalis,
708 3616 747 3691 in
767 3614 905 3707 Magno
922 3613 1055 3686 Ebora.
1105 3617 1209 3688 sinus
1236 3620 1290 3689 in·
1318 3634 1334 3687 8

180 3756 213 3804 m
239 3735 395 3802 tersunt:
422 3735 542 3799 otest
567 3729 605 3798 in
630 3728 799 3820 proximo
824 3727 982 3818 Salacia,
1011 3728 1048 3797 in
1073 3731 1189 3800 altero
1215 3727 1290 3799 Uli-

181 3867 214 3913 ao
240 3844 349 3936 sippo
374 3850 412 3914 et
437 3838 526 3931 Tagi
559 3841 715 3932 ostium,
749 3842 867 3912 amnis
894 3833 1056 3932 gemmas
1090 3863 1291 3935 aurumque
