3134 4710
167 412 202 466 11.
221 411 412 479 aro-nra.
1060 460 1063 469 ,
1241 407 1280 469 61

187 614 201 659 1
228 585 432 679 dispersae.
481 582 647 656 Baliares
677 582 716 653 in
741 580 920 675 Hispania
955 589 1083 652 contra
1106 579 1281 652 Tarraco·
1364 596 1368 604 ·

186 723 201 770 a
226 700 357 771 nensia
380 699 490 769 litora
515 697 609 768 sitae
633 717 707 768 non
733 698 844 789 longe
872 697 967 767 inter
992 716 1035 768 se
1060 694 1210 786 distant,
1244 702 1282 765 et

187 835 201 882 a
226 831 275 883 ex
301 811 420 905 spatio
447 811 506 882 sui
531 808 813 903 cognominibus
837 810 1002 902 acceptis
1028 807 1190 881 maiores
1213 808 1280 877 mi-

185 944 410 1017 moresque
434 922 681 1017 perhibentur.
720 908 878 993 castella
903 928 990 993 sunt
1015 921 1052 990 in
1076 919 1279 992 minoribus

186 1056 201 1103 a
227 1037 336 1109 Samo
362 1046 400 1109 et
424 1034 557 1130 Mago,
588 1035 627 1107 in
658 1018 857 1107 maioribus
883 1033 1013 1106 Parma
1038 1042 1075 1105 et
1099 1031 1281 1105 Pollentia

187 1150 410 1221 scoloniae.

187 1280 201 1326 ⁷
298 1260 447 1334 Ebusus
473 1282 494 1333 e
519 1262 671 1354 regione
695 1261 938 1354 promunturii
965 1259 1063 1355 quod
1089 1260 1128 1333 in
1146 1261 1279 1332 Sucro·
1307 1270 1395 1327 2125

186 1395 201 1439 a
225 1376 333 1444 nensi
359 1375 444 1445 sinu
463 1371 663 1445 Ferrariam
687 1378 825 1444 vocant
841 1372 973 1445 eodem
990 1374 1137 1445 nomine
1154 1372 1280 1445 urbem

186 1506 201 1552 a
225 1485 347 1580 babet,
380 1486 574 1558 frumentis
600 1492 740 1557 tantum
764 1506 840 1557 non
865 1484 1024 1558 fecunda
1048 1492 1086 1557 at
1110 1486 1189 1585 alia·
1208 1487 1280 1557 lar·

170 1622 202 1668 ιο
227 1600 321 1692 gior‚
347 1606 386 1671 et
410 1599 572 1671 omnium
597 1599 807 1670 animalium
833 1620 927 1692 quae
952 1604 1088 1671 nocent
1104 1594 1197 1671 adeo
1215 1620 1280 1671 ex·

170 1734 202 1781 11
226 1733 333 1804 pem,
365 1719 479 1783 utne
503 1731 548 1784 ea
579 1710 726 1807 quidem
757 1711 851 1807 quae
877 1711 923 1782 de
948 1710 1153 1814 agrestibus
1178 1712 1280 1784 mitia

170 1849 203 1898 rr
227 1831 314 1894 sunt
343 1829 408 1895 aut
437 1830 588 1916 generet
624 1830 690 1894 aut
721 1822 755 1894 si
789 1811 943 1894 invecta
969 1830 1056 1895 sunt
1087 1826 1279 1896 sustineat.

6 1994 8 2033 4
170 1963 203 2011 ra
227 1944 357 2008 contra
381 1943 441 2008 est
465 1933 680 2007 Colubraria
711 1936 818 2007 euius
843 1936 1057 2008 meminisse
1082 1937 1277 2030 succurrit,
1308 1951 1358 2004 rae

6 2038 8 2059 ¹
96 2054 100 2060 ’
131 2086 135 2091 -
170 2073 203 2121 14
227 2049 326 2143 quod
351 2071 435 2122 cum
460 2054 602 2122 scateat
632 2050 748 2121 multo
781 2070 826 2120 ac
850 2050 1017 2122 malefico
1043 2071 1177 2144 genere
1203 2072 1279 2123 ser·

169 2184 201 2233 rr
225 2165 390 2257 pontium
414 2168 452 2234 et
477 2162 527 2234 sit
551 2162 636 2234 ideo
662 2160 924 2254 inhabitabilia,
952 2171 1073 2235 tamen
1098 2165 1278 2255 ingressis

169 2298 201 2345 rs
226 2296 308 2347 eam
332 2275 428 2347 intra
458 2273 497 2346 id
528 2277 686 2369 spatium
717 2272 816 2368 quod
838 2271 1042 2345 Ebusitana
1069 2275 1183 2347 humo
1209 2277 1279 2347 cir·
1347 2311 1348 2314 ¹

171 2409 202 2457 rr
227 2389 553 2479 cumsignaverunt
579 2387 659 2458 sine
684 2386 848 2479 pernicie
878 2392 1017 2457 strata
1042 2394 1112 2479 est,
1146 2387 1277 2459 iisdem

169 2518 202 2565 rs
227 2500 302 2572 illis
327 2499 559 2594 serpentibus
593 2499 658 2594 qui
689 2498 830 2593 alioqui
862 2484 983 2570 sol‘ent
1009 2497 1141 2572 obvios
1167 2498 1277 2594 adpe-

169 2634 201 2681 rs
225 2619 305 2685 tere
329 2611 545 2706 adspectum
571 2611 653 2682 eius
664 2634 674 2658 -·
684 2611 872 2705 pulveris,
906 2611 1006 2683 aliud
1031 2614 1136 2686 velut
1157 2614 1275 2705 virus,

168 2743 201 2790 ao
224 2726 353 2821 procul
378 2733 526 2796 etcum
550 2744 691 2818 pavore
714 2717 955 2816 fugientibus.
1034 2740 1037 2745 ’
