3134 4710
168 446 214 499 111.
235 448 259 510 9,
274 446 289 498 9
302 472 334 482 -
347 448 387 510 10,
401 444 417 497 5
431 445 477 496 Tz.
1239 450 1280 516 85

189 642 375 711 rgonum.
440 622 545 713 ipsae
582 628 699 690 terrae
730 626 983 714 promunturio
1017 627 1078 696 cui
1110 624 1280 719 Hesperu
1367 687 1369 691 ,

87 730 92 740 ’
185 761 198 804 0
226 755 330 805 ceras
357 753 490 805 nomen
516 739 574 803 est
598 733 782 805 finiuntur.

184 871 199 915 0
297 845 394 918 Jnde
420 847 549 939 incipit
574 845 678 918 frons
701 846 765 917 illa
783 869 876 941 quae
894 844 931 920 ln
950 851 1179 923 occidentem
1196 870 1278 924 ver·
1305 875 1395 933 3100

184 982 199 1026 4
225 980 315 1051 gens
331 961 422 1032 mari
435 956 623 1030 Atlantico
640 959 810 1032 abluitur.
850 964 965 1053 prima
981 960 1062 1037 elus
1076 963 1279 1059 Aethiopes

184 1093 198 1137 s
225 1079 362 1165 tenent,
389 1073 511 1144 media
535 1074 646 1157 nulli,
670 1094 754 1145 nam
779 1082 842 1144 aut
867 1083 999 1147 exusta
1027 1085 1113 1149 sunt
1135 1087 1198 1150 aut
1214 1079 1279 1150 ha-

183 1204 197 1247 6
224 1187 321 1256 renis
348 1185 508 1257 obducta
532 1193 595 1255 aut
619 1185 755 1256 infesta
774 1189 1018 1280 serpentibus,
1061 1193 1205 1264 exustis
1223 1193 1277 1263 in·

183 1318 197 1361 0
225 1300 328 1369 sulae
349 1298 542 1391 adpositae
560 1306 646 1369 sunt
664 1320 754 1391 quas
772 1297 998 1392 Hesperidas
1018 1304 1184 1376 tenuisse
1201 1324 1277 1378 me-

181 1433 197 1477 0
223 1420 394 1483 moratur.
451 1413 489 1484 in
513 1411 660 1491 harenis
686 1431 792 1483 mons
819 1421 877 1485 est
902 1412 1019 1509 Atlas,
1049 1414 1094 1487 de
1120 1437 1161 1487 se
1187 1438 1276 1490 con·
1305 1437 1354 1492 101

181 1546 195 1590 0
223 1544 391 1617 surgens,
418 1544 548 1597 verum
571 1525 700 1596 incisis
725 1524 886 1623 undique
909 1527 1063 1621 rupibus
1080 1550 1274 1625 praeceps,

165 1659 196 1705 00
222 1638 360 1731 invius,
381 1644 418 1709 et
436 1659 509 1732 quo
527 1637 645 1730 magis
664 1638 781 1730 surgit
799 1640 944 1734 exilior,
964 1642 1027 1735 qui
1046 1642 1146 1738 quod
1163 1645 1274 1715 altius

165 1777 194 1820 11
222 1768 330 1844 quarn
348 1752 516 1844 conspici
533 1757 793 1844 potestasque
811 1752 846 1822 in
864 1753 989 1826 nubila
1006 1757 1170 1847 erigitur,
1192 1774 1274 1829 cae·

164 1890 195 1935 00
220 1865 296 1937 lum
322 1872 359 1936 et
385 1864 506 1935 sidera
531 1882 604 1934 non
630 1869 779 1957 tangere
804 1866 915 1937 modo
933 1869 1075 1939 vertice
1101 1869 1167 1940 sed
1192 1890 1274 1941 sus·

163 2006 194 2050 00
221 1977 337 2048 tinere
364 1998 511 2071 quoque
543 1977 664 2048 dictus
691 1983 760 2047 cst.
818 1986 947 2052 contra
972 1978 1191 2055 Fortunatae
1219 1985 1274 2054 in·
1302 2007 1352 2060 000

164 2117 195 2161 14
221 2093 324 2161 sulae
344 2087 529 2160 abundant
549 2111 619 2160 sua
637 2098 769 2182 sponte
787 2093 932 2184 genitis,
960 2100 999 2164 ct
1017 2095 1171 2166 subinde
1189 2097 1271 2167 aliis
1353 2120 1357 2123 ·

163 2228 193 2273 00
219 2222 330 2295 super
368 2199 461 2275 alios
499 2200 777 2274 innascentibus
817 2200 908 2276 nihil
940 2208 1123 2279 sollicitos
1155 2211 1270 2301 alunt,

162 2342 193 2387 00
218 2317 360 2389 beatius
388 2338 497 2411 quarn
523 2314 618 2387 aliae
643 2314 754 2388 urbes
780 2319 961 2389 excultae.
1004 2338 1076 2390 una
1094 2321 1273 2412 singulari·

161 2452 193 2497 00
218 2428 372 2501 duorum
397 2430 555 2502 fontium
580 2431 726 2522 ingenio
742 2432 902 2502 maxime
919 2432 1095 2524 insignis:
1115 2436 1269 2505 alterurn

161 2564 191 2609 rs
218 2545 281 2637 qui
307 2555 503 2635 gustavere
528 2546 605 2615 risu
638 2546 834 2634 solvuntur
865 2547 902 2616 in
927 2555 1100 2632 0000000000
1131 2549 1183 2617 ita
1205 2548 1271 2618 ad-

160 2680 190 2724 00
216 2656 324 2727 fectis
349 2656 551 2731 remedium
569 2664 627 2728 est
645 2678 692 2727 ex
711 2659 826 2730 altero
844 2655 979 2730 bibere.
1022 2657 1067 2730 ab
1085 2681 1131 2730 eo
1149 2666 1268 2732 tractu
1298 2677 1350 2731 000

158 2795 190 2841 00
217 2792 325 2863 quem
350 2770 450 2840 ferae
476 2770 652 2840 infestant
677 2772 834 2862 proximi
861 2779 947 2843 sunt
963 2772 1266 2866 Scimantopodes

158 2908 190 2953 00
216 2883 340 2954 inflexi
365 2884 474 2953 lentis
502 2882 683 2973 cruribuS,
715 2906 809 2976 quos
836 2906 983 2977 serpere
1008 2888 1132 2978 potius
1160 2907 1270 2980 quarn

158 3023 190 3068 00
216 2996 358 3088 ingredi
377 2996 554 3068 referunt:
582 2995 666 3065 dein
685 2994 853 3089 Pharusi,
881 2999 1081 3091 aliquando
1095 2997 1269 3071 tendente

157 3137 190 3181 00
216 3108 263 3179 ad
294 3108 520 3202 Hesperidas
550 3108 712 3179 Hercule
749 3107 866 3201 dites,
905 3131 1003 3180 nunc
1040 3113 1188 3202 inculti,
1230 3120 1284 3182 etr
1324 3160 1333 3175 .

156 3247 189 3293 00
214 3224 287 3293 nisi
314 3223 413 3317 quod
438 3243 573 3315 pecore
599 3223 745 3292 aluntur
770 3220 964 3293 admodum
990 3223 1133 3314 inopes.
1181 3223 1264 3295 hinc
1293 3240 1346 3294 000

156 3364 188 3410 00
214 3337 286 3406 iam
311 3337 485 3406 laetiores
511 3336 588 3426 agri
614 3335 833 3427 amoenique
856 3336 972 3404 saltus
992 3341 1109 3405 lerote
1128 3334 1264 3406 00οἰ001ῒ

155 3476 189 3521 00
214 3447 324 3520 ebore
350 3448 545 3520 abundant.
598 3445 816 3540 Zigritarum
842 3438 1154 3542 Gaetulorumque
1179 3471 1265 3542 pas·

155 3585 187 3629 00
213 3564 283 3633 sim
309 3563 521 3653 vagantium
546 3584 592 3633 ne
623 3563 735 3633 litora
759 3561 908 3655 quidem
938 3562 1137 3633 infecunda
1162 3571 1261 3653 sunt,

155 3699 187 3743 00
211 3696 373 3768 purpura
409 3683 447 3748 et
477 3677 618 3745 murice
650 3674 924 3747 efficacissimis
957 3676 1002 3746 ad
1034 3676 1263 3768 tingendum,

154 3810 188 3857 00
212 3794 248 3858 00
279 3785 414 3880 ubique
447 3809 541 3881 quae
575 3788 718 3858 tinxere
756 3790 970 3860 clarissima.
1032 3790 1173 3881 reliqua
1203 3795 1262 3859 est
1291 3803 1341 3857 105

153 3922 186 3968 00
213 3920 277 3970 ora
303 3889 553 3972 Mauretaniae
585 3886 762 3989 exterior,
798 3910 835 3971 et
865 3903 902 3971 in
933 3900 1039 3973 linem
1072 3903 1129 3972 sui
1155 3900 1259 3972 fasti-
