3138 4718
158 418 180 472 1.
199 419 224 482 5,
237 417 297 471 5-5
311 414 355 506 uz.
560 439 565 444 -
891 396 893 399 ’
1238 420 1277 482 17

177 624 191 667 1
218 600 316 686 sunt,
345 599 517 690 quattuor
541 592 621 665 fere
646 591 867 691 soti-iugera
884 593 1083 689 quaesede
1101 602 1274 687 occupat7

177 733 192 778 5
217 705 371 780 totidem
387 705 426 777 in
442 704 671 777 altitudinem
689 704 852 796 erigitur.
895 704 1050 798 Moeris,
1077 706 1274 804 aliquando

177 845 193 891 5
218 841 371 914 campus
396 837 495 891 nune
519 819 624 890 lacus
649 817 781 910 viginti
811 817 913 890 milia
935 839 1113 912 passuum
1138 820 1178 891 in
1202 820 1288 892 cir-·

90 992 95 999 .
175 935 358 1022 sonitum
382 937 528 1026 patens,
555 931 663 1002 altior
679 943 788 1028 quam
804 928 852 1001 ad
868 929 1114 1023 navigandum
1131 935 1272 1025 magnis
1336 1010 1339 1015 ,

177 1064 192 1111 5
218 1047 437 1140 onustisque
467 1039 625 1114 navibus
657 1035 762 1115 satis
780 1049 849 1126 est.
910 1040 1146 1117 Psammetici
1178 1067 1273 1140 opus
1304 1063 1372 1122 155

177 1180 193 1224 s
217 1158 464 1251 labyrinthus
491 1155 622 1228 domos
648 1158 751 1229 mille
776 1164 814 1227 et
837 1157 958 1248 regias
978 1156 1174 1230 duodecim
1191 1182 1274 1253 per·

178 1292 193 1338 r
218 1278 331 1366 petuo
344 1269 498 1365 parietis
512 1269 650 1341 ambitu
664 1272 870 1365 amplexus2
886 1290 1067 1341 marmore
1081 1280 1273 1345 extructus

161 1403 193 1466 ‘s
217 1408 263 1457 ac
295 1391 436 1475 tectus,
475 1402 588 1453 unum
618 1385 657 1454 in
689 1404 731 1454 se
762 1381 983 1454 descensum
1015 1382 1143 1478 habet,
1174 1387 1273 1467 intus

177 1519 193 1564 5
217 1518 336 1592 paene
361 1495 644 1601 innumerabiles
669 1496 772 1588 vias,
801 1495 933 1566 ‘multis
963 1495 1175 1588 ambagibus
1200 1498 1274 1569 huc
1379 1503 1384 1514 '

162 1629 194 1676 rc
219 1618 257 1682 et
272 1611 363 1681 illuc
375 1607 636 1700 remeantibus⁷
660 1607 727 1678 sed
741 1607 917 1678 continuo
931 1606 1097 1680 anfractu
1112 1614 1150 1681 et
1163 1631 1274 1705 saepe

163 1743 192 1789 11
218 1722 404 1806 revocatis
414 1719 620 1814 porticibus
634 1709 832 1813 ancipites:
846 1718 978 1816 quibus
993 1720 1148 1821 subinde
1161 1723 1274 1794 alium

163 1852 194 1898 12
221 1856 334 1928 super
358 1834 454 1904 alios
481 1832 606 1905 orbem
639 1831 852 1926 agentibus,
884 1836 922 1904 et
955 1833 1110 1906 subinde
1133 1842 1274 1907 tantum

163 1964 194 2011 13
218 1936 398 2020 redeunte
418 1946 517 2017 flexu
538 1952 712 2043 quantum
728 1952 979 2040 processerat<
1002 1967 1136 2040 magno
1152 1957 1192 2039 et
1208 1971 1272 2020 ex-

162 2079 195 2126 14
218 2059 383 2155 plicabili
407 2066 531 2131 tamen
555 2079 679 2131 errore
703 2058 904 2151 perplexus
930 2066 999 2128 est.

162 2194 194 2242 15
293 2171 462 2244 Cultores
487 2173 677 2264 regionum
700 2173 816 2245 multo
834 2172 941 2242 aliter
956 2191 979 2242 a
995 2174 1129 2244 ceteris
1147 2187 1271 2266 agunt.
1302 2197 1335 2250 57

162 2306 194 2353 1⁶
218 2291 384 2357 mortuos
416 2285 501 2355 fimo
534 2282 640 2365 obliti
673 2287 864 2378 plangunt:
900 2282 987 2354 'nec‘
1014 2307 1178 2359 cremare
1211 2297 1275 2358 aut
1414 2277 1417 2283 ’

163 2424 195 2470 rr
218 2399 346 2471 fudere
372 2397 430 2468 fas
457 2404 597 2490 putant,
623 2417 752 2469 verum
773 2404 852 2469 arte
875 2396 1079 2468 medicatos
1098 2399 1193 2471 intra
1209 2422 1274 2493 pe-

164 2534 195 2580 1s
218 2512 372 2584 netralia
397 2511 594 2582 collocant.
645 2511 725 2581 suis
751 2510 890 2583 litteris
909 2532 1085 2604 perverse
1110 2498 1273 2585 utuntur.

163 2645 194 2692 re
218 2627 336 2696 lutum
367 2626 463 2696 inter
498 2645 648 2715 meum,
687 2623 842 2693 farinam
882 2623 1048 2695 calcibus
1090 2627 1273 2720 subigunt.

161 2757 194 2804 5ο
218 2738 340 2809 forum
364 2757 411 2809 ae
434 2737 583 2827 negotia
612 2735 791 2830 feminae,
824 2737 895 2807 viri
925 2759 1043 2829 pensa
1072 2761 1117 2810 ac
1143 2741 1273 2812 domus

160 2867 193 2915 55
220 2857 366 2935 curant3
392 2870 507 2919 onera
532 2848 617 2919 illae
643 2849 779 2921 umeris
804 2850 843 2919 hi
867 2848 1050 2942 capitibus
1068 2852 1273 2944 accipiunt3

160 2979 195 3026 55
218 2969 389 3057 parentes
416 2982 500 3033 cum
526 2967 647 3054 egent⁷
674 2961 750 3031 illis
771 2983 928 3033 necesse
945 2970 1016 3056 est,
1043 2963 1101 3033 his
1120 2963 1274 3036 liberum

161 3090 195 3136 2ss
220 3082 278 3149 est
302 3077 413 3146 alere.
452 3074 556 3146 cibos
582 3072 703 3168 palam
730 3081 767 3154 et
787 3082 892 3144 extra
909 3084 1007 3147 tecta
1025 3096 1093 3146 sua
1109 3077 1272 3168 capiunt,

160 3203 200 3250 24·
220 3190 406 3262 obscaena
430 3186 569 3258 intimis
595 3184 739 3258 aedium
763 3185 931 3258 reddunt.
979 3190 1106 3261 colunt
1130 3187 1273 3281 effigies
1302 3206 1337 3261 55

40 3370 43 3373 ,
105 3324 108 3329 ·
160 3319 195 3367 55
218 3305 417 3374 multorum
447 3300 655 3372 animalium
685 3305 794 3396 atque
825 3300 907 3395 ipsa
937 3303 1056 3394 magis
1087 3302 1273 3394 animalia,

159 3434 195 3481 55
221 3415 297 3514 sed
312 3416 385 3485 alia
410 3414 489 3485 alii:
519 3411 681 3483 adeo‘ut
710 3412 895 3510 quaedam·
914 3434 1042 3485 eorum
1073 3416 1184 3488 etiam
1208 3440 1275 3511 per

161 3548 194 3596 2⁷
219 3526 491 3620 inprudentiam
507 3525 741 3597 interemisse
759 3527 916 3620 capitale
935 3527 1005 3618 sit,‚
1017 3535 1054 3597 et
1071 3529 1133 3600 ubi
1146 3529 1274 3601 morbo

159 3659 194 3706 55
220 3649 284 3711 aut
309 3634 408 3710 forte
432 3639 597 3710 extincta
621 3639 694 3708 sint
712 3640 871 3731 sepelire
888 3660 933 3709 ac
950 3639 1078 3731 lugere
1096 3647 1274 3714 sollemne

159 3771 193 3816 55
221 3754 281 3825 sit.
342 3751 433 3845 Apis
470 3751 691 3844 populorum
728 3753 891 3823 omnium
927 3774 1061 3826 numen
1094 3763 1167 3840 est3
1205 3755 1274 3826 bos

159 3884 194 3929 so
219 3867 324 3958 niger
349 3866 464 3938 cartis
492 3864 648 3936 maculis
679 3864 835 3956 insignis
862 3873 899 3936 et
928 3866 1046 3936 cauda
1076 3868 1273 3963 linguaque

288 3976 291 3980 ’
602 3970 605 3974 “
1046 3983 1060 4027 2
