3138 4718
288 393 328 456 16
1204 384 1224 437 1.
1244 385 1340 449 aaa
1353 384 1399 437 ri.

285 567 442 662 ipsaque
466 568 577 638 humo
603 566 732 637 vitalia
748 562 909 658 effingat.
951 563 1023 637 hoc
1040 585 1087 636 eo
1104 560 1338 635 manifestum
1384 586 1396 630 1

286 687 357 774 est,
385 680 482 775 quod
510 678 572 750 ubi
598 679 746 753 sedavit
769 679 910 752 diluvia
933 699 978 750 ac
1004 699 1045 751 se
1071 676 1143 748 sibi
1165 674 1337 762 reddidit,
1382 696 1396 740 r

279 816 351 888 ‚per
384 803 551 865 umentes
584 813 736 886 campos
771 792 950 887 quaedam
978 790 1143 865 nondum
1173 787 1339 882 perfecta
1381 810 1397 856 a

285 908 456 997 animalia
480 906 547 980 sed
572 915 650 980 tum
674 907 832 1002 primum
857 906 1079 1000 accipientia
1107 904 1339 998 spiritumet
1381 925 1398 970 r

285 1028 460 1113 exparte
486 1021 559 1092 iam
583 1020 740 1093 formata
766 1026 944 1113 exparte
969 1019 1089 1091 adhuc
1114 1025 1258 1089 terrena
1282 1015 1338 1099 vi·
1382 1034 1396 1082 t

191 1157 256 1214 153
286 1143 428 1205 suntor.
478 1135 615 1206 crescit
638 1154 763 1226 porro,
791 1134 874 1205 sive
899 1133 999 1226 quod
1025 1133 1169 1204 solutae
1192 1128 1337 1222 magnis
1382 1151 1397 1197 a

286 1244 450 1329 aestibus
475 1248 582 1320 nives
608 1268 656 1320 ex
681 1245 887 1319 inmanibus
905 1244 1121 1337 Aethiopiae
1146 1243 1244 1335 iugis
1267 1243 1338 1313 lar·
1382 1261 1397 1307 r

286 1361 367 1452 gius
394 1381 503 1453 quam
527 1362 619 1454 ripis
643 1361 764 1455 accipi
783 1367 918 1455 queant
935 1357 1112 1451 defluunt,
1139 1356 1222 1427 sive
1239 1353 1340 1448 quod
1381 1374 1397 1420 a

287 1473 344 1545 sol
369 1471 488 1544 hieme
514 1474 621 1545 terris
647 1474 799 1567 propior
824 1480 861 1545 et
886 1472 933 1543 ob
957 1472 995 1542 id
1014 1471 1154 1543 fontem
1173 1465 1253 1540 eius
1271 1467 1339 1539 mi·
1382 1487 1397 1531 a

146 1656 149 1662 ,
285 1606 404 1656 nuens
437 1593 526 1657 tuno
557 1587 669 1658 altius
701 1586 795 1678 abit,
827 1585 992 1678 sinitque
1024 1585 1205 1676 integrum
1236 1587 1397 1652 etut1⁰

286 1707 345 1771 est
368 1699 610 1791 plenissimus
636 1720 807 1792 surgere,
840 1699 921 1771 sive
952 1697 1052 1792 quod
1082 1717 1149 1791 per
1180 1716 1225 1769 ea
1249 1702 1338 1766 tem·
1366 1709 1401 1754 11-

284 1833 377 1905 pora
406 1812 535 1883 flantes
561 1810 710 1896 Etesiae
740 1820 805 1885 aut
836 1819 938 1886 actas
969 1834 993 1882 a
1024 1811 1275 1906 septentrione
1301 1809 1340 1880 in
1355 1826 1397 1878 ra

285 1924 474 1997 meridiem
499 1924 615 1996 nubes
641 1945 754 2017 super
778 1926 961 2018 principia
989 1926 1069 1996 eius
1094 1924 1210 1996 imbre
1235 1941 1338 2014 prae·
1364 1942 1397 1989 ra

287 2039 453 2131 cipiunt,
481 2046 545 2107 aut
569 2039 732 2110 venienti
758 2035 891 2110 obviae
916 2037 1076 2110 adverso
1100 2036 1231 2130 spiritu
1255 2054 1338 2105 our*
1365 2057 1397 2105 ιι

287 2172 369 2222 sum
394 2149 652 2223 descendentis
669 2151 874 2244 inpediunt,
902 2157 965 2222 aut
980 2151 1126 2222 harenis
1145 2169 1236 2241 quas
1254 2166 1340 2218 cum
1365 2174 1397 2221 15

287 2263 458 2336 fiuctibus
497 2264 597 2336 litori
635 2264 820 2357 adplicant
851 2265 950 2337 ostia
987 2262 1189 2335 obducunt:
1227 2259 1340 2354 fitque
1365 2286 1399 2333 re

287 2380 403 2449 maior
427 2378 489 2451 vel
515 2377 615 2472 quod
639 2378 730 2448 nihil
755 2400 803 2450 ex
830 2386 947 2451 semet
966 2377 1119 2465 amittit,
1153 2375 1215 2445 vel
1241 2373 1341 2467 quod
1366 2401 1398 2448 ιτ

288 2494 372 2583 plus
405 2512 512 2583 quam
546 2493 642 2563 solet
672 2492 828 2585 accipit,
861 2493 925 2563 vel
953 2488 1052 2582 quod
1082 2488 1204 2561 minus
1230 2508 1340 2581 quam
1366 2516 1398 2563 ra

224 2626 259 2680 54
288 2603 396 2675 debet
428 2603 573 2677 emittit
607 2604 729 2696 quod
767 2605 799 2675 si
832 2614 890 2677 est
919 2604 1013 2672 alter
1045 2599 1148 2671 orbis
1179 2609 1340 2697 suntque
1365 2629 1397 2675 10

287 2717 453 2809 oppositi
483 2715 591 2797 nobis
621 2741 646 2789 a
673 2718 826 2790 meridie
858 2714 1135 2803 antichthonos,
1168 2734 1215 2787 ne
1246 2711 1340 2784 illud
1363 2740 1397 2787 ro

287 2828 435 2923 quidem
458 2852 482 2900 a
506 2851 597 2902 vero
621 2831 775 2904 nimium
799 2830 1037 2919 abscesserit,
1069 2829 1107 2897 in
1132 2829 1205 2898 illis
1232 2827 1339 2900 terris
1363 2854 1397 2902 ar

286 2951 406 3014 ortum
432 2962 587 3039 amnem,
619 2945 690 3018 ubi·
713 2944 839 3022 subter
861 2945 976 3015 maria
1001 2961 1116 3013 caeco
1139 2942 1249 3013 alveo
1275 2961 1339 3035 pe·
1364 2968 1398 3015 aa

238 3109 242 3116 -
285 3058 498 3149 necaverit,
529 3060 567 3129 in
592 3061 730 3131 nostris
756 3077 884 3129 rursus
909 3076 1109 3148 emergere,
1143 3061 1181 3125 et
1204 3053 1275 3129 hac
1299 3075 1340 3127 re
1364 3082 1398 3131 aa

287 3170 451 3242 solstitio
488 3169 705 3245 adcrescere
746 3167 845 3265 quod
876 3176 954 3240 tum
985 3168 1127 3260 hiemps
1161 3168 1211 3241 sit
1242 3165 1340 3245 unda
1364 3196 1399 3244 aa

286 3284 414 3354 oritur.
600 3304 608 3320 ·
884 3340 887 3345 .
1138 3310 1140 3315 ’
1365 3307 1398 3355 aa

227 3410 262 3468 aa
363 3395 445 3466 Alia
477 3419 622 3495 quoque
645 3397 684 3465 in
706 3396 765 3467 his
791 3397 898 3470 terris
928 3398 1021 3469 mira
1043 3401 1141 3466 sunt.
1189 3396 1227 3467 in
1250 3415 1343 3492 quo·
1365 3421 1399 3468 ro

270 3509 370 3583 *dam
395 3511 480 3583 lacu
498 3510 683 3583 Chemmis
700 3511 822 3582 insula
838 3511 945 3583 lucos
966 3512 1155 3606 silvasque
1171 3515 1210 3583 et
1226 3508 1341 3601 Apol·
1364 3532 1398 3578 ar

285 3624 372 3697 linis
387 3623 525 3717 grande
538 3622 727 3695 sustinens
740 3625 916 3717 templum
928 3628 1042 3715 natat,
1055 3630 1095 3695 et
1107 3639 1340 3720 quocumque
1363 3645 1397 3692 aa

286 3739 388 3808 venti
412 3742 527 3826 agunt
551 3735 711 3828 pellitur.
761 3728 973 3828 pyramides
1000 3736 1181 3809 tricentur
1205 3730 1340 3825 pedum
1363 3753 1397 3800 ro

285 3848 467 3943 lapidibus
493 3855 697 3942 extructae,
724 3871 877 3947 quarum
893 3851 1064 3941 maxima,
1090 3857 1166 3920 tres
1183 3862 1340 3943 namque
1364 3867 1398 3913 ao
