3134 4710
36 469 38 474 Ι
151 402 196 457 111.
213 400 433 468 1,a-r‚arz.
1140 369 1142 372 Α
1221 398 1262 460 65

171 608 182 650 1
209 580 317 650 litore
342 576 469 648 Noeca
493 584 551 647 est
577 575 770 668 oppidum,
804 582 841 645 et
867 582 942 645 tres
968 595 1053 662 arae
1081 595 1172 672 quas
1199 574 1263 645 Se«

169 718 184 762 2
211 691 350 764 stianas
377 697 520 761 vocant*
539 689 577 759 in
603 688 843 781 paeneinsula
867 688 998 760 sedent
1023 696 1060 759 et
1086 694 1173 759 sunt
1189 687 1262 758 Au·

61 892 63 897 ,
170 831 184 874 a
210 806 308 897 gusti
334 805 482 879 nomine
501 823 629 874 sacrae
648 802 907 894 illustrantque
925 809 1040 872 terras
1059 808 1143 871 ante
1160 804 1282 893 igno?

169 945 185 987 4
209 917 316 988 biles.
359 923 396 988 at
421 915 465 986 ab
491 937 537 986 eo
562 915 710 985 flumine
736 913 835 1007 quod
852 914 986 985 Saliam
1013 920 1151 985 vocant
1173 915 1263 984 inci·
1291 925 1363 981 314

172 1056 186 1100 s
210 1031 316 1122 piunt
340 1050 426 1100 orae
452 1029 629 1121 paulatim
654 1026 841 1118 recedere,
868 1037 905 1097 et
930 1029 1026 1097 latae
1050 1027 1172 1097 adhuc
1197 1025 1263 1097 Hi-

170 1143 189 1212 s'
211 1144 360 1235 spaniae
385 1143 721 1234 magis'smagisque
748 1141 867 1231 spatia
891 1140 1264 1234 corrtrahere‚=usque

170 1281 184 1324 r
211 1256 304 1327 adeo
331 1264 448 1327 semet
472 1263 509 1326 et
534 1262 648 1326 terras
675 1262 928 1346 angustantes
962 1260 1154 1341 uteorum
1181 1275 1264 1347 spa-

170 1395 185 1438 a
210 1372 300 1441 tium
325 1369 421 1439 inter
447 1367 519 1439 duo
545 1370 660 1438 rnaria
686 1366 838 1437 dimidio
864 1368 983 1436 minus
1012 1368 1060 1437 sit
1084 1389 1156 1460 qua
1179 1367 1264 1437 Gal·

44 1554 45 1557 ,
170 1505 184 1548 s
210 1485 296 1553 liam
322 1490 476 1573 tangunt
502 1492 610 1574 quarn
634 1480 696 1551 ubi
713 1480 760 1550 ad
778 1479 1008 1550 occidentem
1026 1481 1114 1550 litus
1132 1502 1264 1573 expor-

44 1682 45 1691 Ὶ
90 1635 93 1638 -
154 1614 185 1660 ro
210 1596 344 1687 rigunt.
392 1603 550 1665 tractum
569 1593 741 1664 Cantabri
759 1603 797 1664 et
814 1593 980 1664 Vardulli
1007 1601 1144 1664 tenent:
1172 1593 1263 1664 Can·
1296 1614 1326 1667 15

40 1752 44 1783 l
154 1727 184 1771 11
212 1708 395 1779 tabrorum
421 1709 560 1800 aliquot
585 1708 712 1799 populi
738 1727 938 1800 amnesque
966 1713 1052 1778 suut
1083 1708 1147 1778 sed
1176 1729 1265 1802 quo-

35 1904 36 1907 *
155 1839 291 1892 rarum
322 1822 470 1892 nomina
502 1826 630 1890 nostro
664 1840 729 1889 ore
762 1820 908 1912 concipi
943 1827 1138 1912 nequeant,
1201 1842 1266 1913 per

35 1932 36 1943 ’
68 1980 70 1983 -
155 1951 186 1996 1⁸
212 1935 363 2006 eosdem
394 1942 432 2005 et
457 1936 634 2005 Salaenos
661 1933 855 2024 Saunium⁷
880 1956 960 2026 per
980 1935 1200 2026 Avariginos
1230 1945 1267 2005 et

99 2097 102 2102 .
156 2068 187 2113 11
213 2047 538 2140 Orgenomesquos
572 2044 757 2117 Namnasa
788 2045 996 2135 descendit,
1037 2056 1074 2117 et
1105 2045 1266 2119 Devales

156 2180 187 2226 rs
211 2158 353 2230 Tritino
380 2157 546 2229 Rellunte
573 2159 700 2250 cingit,
728 2169 766 2229 et
790 2156 947 2229 Decium
972 2157 1103 2229 Aturia
1124 2161 1266 2231 Sonans

156 2294 188 2338 rs
214 2275 332 2344 Sauso
365 2279 404 2344 et
434 2272 621 2363 Magrada.
678 2271 846 2341 Vardulli
879 2293 950 2341 una
982 2293 1071 2363 gens
1104 2275 1190 2345 hinc
1222 2274 1267 2345 ad

42 2382 43 2385 ’
155 2407 187 2453 17
215 2384 392 2484 Pyrenaei
419 2386 495 2477 iugi
522 2386 817 2476 promunturium
838 2385 1025 2478 pertinens
1046 2385 1185 2473 claudit
1201 2385 1267 2455 Hi·

157 2519 187 2564 ra
215 2519 375 2592 spamas.

40 2592 42 2637 ³
97 2606 100 2609 ’
157 2630 187 2676 19
223 2657 225 2661 .
287 2613 458 2706 Sequitur
472 2611 613 2682 Galliae
628 2613 727 2681 latus
747 2614 913 2702 alterum⁷
940 2613 1047 2682 cuius
1067 2632 1132 2682 ora
1149 2614 1267 2703 primo
1297 2629 1328 2680 rs

155 2743 188 2790 ao
215 2725 305 2793 nihil
330 2745 527 2817 progressa
553 2726 589 2794 in
616 2728 729 2795 altum
749 2740 836 2794 mox
853 2725 1077 2795 tantumdem
1093 2747 1212 2817 paene
1229 2727 1266 2795 in

156 2856 188 2901 21
214 2838 368 2929 pelagus
393 2836 578 2907 excedens
605 2844 780 2929 quantum
805 2842 902 2907 retro
920 2832 1100 2928 Hispania
1120 2837 1267 2909 absces-

156 2966 189 3012 ra
215 2957 325 3039 serat,
354 2945 581 3020 Cantabricis
608 2949 648 3017 fit
671 2950 828 3020 adversa
849 2949 970 3038 terris7
998 2957 1035 3019 et
1053 2950 1179 3040 grandi
1198 2952 1268 3021 cir-

156 3076 189 3123 ac
215 3062 318 3131 cuitu
343 3059 486 3130 adflexa
511 3060 558 3130 ad
584 3059 814 3132 occidentem
840 3062 928 3131 litus
955 3061 1125 3130 advertit.
1180 3071 1268 3132 tunc

157 3187 191 3233 24
215 3168 260 3243 ad
288 3170 561 3266 septentriones
585 3192 767 3244 conversa
797 3175 928 3244 iterum
954 3176 1065 3265 longo
1091 3182 1268 3267 rectoque
1295 3178 1298 3184 ’

157 3291 334 3356 attractu
368 3286 414 3356 ad
451 3277 552 3379 ripas
585 3285 700 3357 Rheni
738 3288 855 3356 amnis
888 3287 1115 3380 expanditur.
1173 3296 1270 3358 terra
1299 3308 1329 3359 17

157 3417 190 3463 rs
216 3405 274 3468 est
297 3398 471 3471 frumenti
497 3402 696 3492 praecipue
721 3421 767 3469 ac
791 3399 915 3491 pabuli
939 3400 1044 3471 ferax
1062 3409 1098 3471 et
1116 3418 1269 3472 amoena

135 3528 189 3576 ar
216 3512 314 3607 lucis
339 3512 557 3584 inmanibus.
600 3512 776 3605 quicquid
803 3533 850 3581 ex
876 3513 967 3580 satis
992 3513 1142 3606 frigoris
1168 3517 1267 3608 inpa·

157 3641 191 3686 28
216 3625 310 3695 tiens
336 3632 395 3697 est
420 3639 536 3721 aegre·
553 3647 623 3697 nec
640 3624 773 3721 ubique
797 3627 875 3717 alit,
905 3625 1073 3716 salubriS,
1101 3636 1138 3698 et
1155 3629 1268 3699 noxio

157 3752 190 3797 29
216 3756 349 3828 genere
380 3739 591 3808 animalium
620 3737 769 3810 minime
802 3737 988 3831 frequens.
1032 3746 1176 3829 ¹gentes
1208 3760 1268 3810 su·
1299 3753 1331 3804 ra

157 3865 190 3910 ⁸0
215 3849 349 3940 perbae
393 3852 692 3943 superstitiosae·
713 3852 911 3943 aliquando
956 3851 1065 3920 etiam
1103 3852 1267 3923 inmanes

1035 3968 1049 4013 5
