3134 4710
272 392 314 454 60
1147 391 1181 446 ΙΙ.
1194 391 1219 455 7,
1234 391 1265 444 17
1273 391 1328 445 -20
1339 389 1385 446 Tz.

271 566 430 637 maxime
452 573 674 637 memoratus
697 563 744 635 ob
762 563 952 636 delubrum
966 563 1123 636 Veneris
1140 564 1185 637 ab
1202 565 1328 639 Aenea
1362 594 1383 638 r

272 678 475 770 conditum,
495 688 532 749 et
548 676 785 770 Aetnaquod
799 677 987 771 Cyclopas
1005 678 1093 749 olim
1112 679 1208 769 tulit,
1229 699 1327 749 nunc
1369 700 1384 746 2

271 789 436 862 adsiduis
462 788 608 882 ignibus
634 789 774 882 flagrat.
830 789 876 860 de
902 790 1069 861 amnibus
1094 789 1245 862 Himera
1270 811 1326 860 re·
1368 812 1386 860 a

270 901 464 991 ferenduS,
498 903 585 994 quia
617 902 656 972 in
686 900 807 972 media
838 899 1035 972 admodum
1067 908 1170 973 ortus
1202 903 1241 973 in
1271 902 1327 971 di·
1368 925 1385 970 4

271 1034 380 1085 versa
404 1011 577 1107 decurrit,
606 1012 856 1105 scindensque
873 1034 952 1083 eam
971 1016 1154 1108 utrimque
1170 1014 1244 1084 alio
1262 1033 1327 1084 ore
1368 1037 1384 1084 a

271 1127 309 1198 in
333 1123 513 1216 Libycum
538 1128 610 1197 alio
636 1126 675 1196 in
699 1123 862 1197 Tuscum
886 1147 987 1197 mare
1013 1125 1174 1199 devenit.
1368 1151 1384 1197 a

66 1286 69 1292 ,
158 1250 245 1306 2120
346 1238 455 1310 Circa
478 1239 643 1310 Siciliam
668 1240 706 1311 in
731 1238 859 1311 Siculo
883 1238 981 1311 freto
1006 1247 1066 1311 est
1089 1237 1185 1331 Eae,
1217 1258 1325 1332 quam
1368 1261 1383 1305 r

272 1350 437 1445 Calypso
453 1350 641 1424 habitasse
665 1352 813 1446 dicitur,
838 1349 1002 1424 Africam
1019 1372 1153 1423 versus
1172 1349 1326 1441 Gaulos,
1367 1374 1383 1420 a

271 1464 414 1556 Melita,
442 1461 618 1557 Cossura,
645 1465 799 1558 propius
823 1463 973 1536 Jtaliam
999 1462 1148 1556 Galata,
1176 1471 1214 1534 ct
1237 1464 1326 1535 illae
1367 1488 1383 1533 a

272 1583 413 1670 septem
446 1597 538 1671 quas
569 1576 677 1651 Aeoli
716 1577 902 1674 adpellant
933 1574 1141 1667 Osteodes,
1179 1573 1324 1669 Lipara,
1352 1600 1384 1647 ro

270 1689 470 1783 Heraclea,
504 1688 684 1782 Didyma,
715 1688 968 1779 Phoenicusa,
1000 1708 1047 1760 ac
1081 1690 1179 1760 sicut
1209 1688 1327 1760 Aetna
1352 1713 1382 1758 ιι

49 1798 52 1802 “
192 1821 241 1874 121
270 1812 452 1898 perpetuu
476 1803 605 1896 flagrat
628 1804 714 1895 igne
738 1800 852 1874 Hiera
875 1809 914 1874 et
929 1802 1141 1892 Stroneyle.
1184 1800 1250 1873 sed
1268 1795 1325 1870 Pi·
1352 1825 1383 1897 ra

271 1917 444 2003 theeusa,
475 1912 703 2008 leucothea,
734 1915 909 2008 Aenaria,
942 1914 1113 2007 Sidonia,
1147 1912 1322 2007 Capreae,
1351 1938 1383 1987 1a

273 2026 472 2120 Corcytba,
500 2025 666 2121 Pontiae,
693 2026 924 2119 Pandateria,
950 2026 1116 2120 Sinonia,
1143 2025 1326 2099 Parmaria
1350 2053 1383 2100 ιι

129 2169 132 2175 ·
195 2157 244 2210 rar
270 2139 409 2212 Jtalioo
446 2141 553 2212 lateri
590 2142 682 2213 citra
711 2138 882 2211 Tiberina
913 2141 1010 2211 ostia
1039 2140 1172 2212 iacent
1229 2140 1326 2208 ultra
1351 2165 1383 2214 ra

271 2253 412 2345 aliquot
437 2259 523 2325 sunt
551 2273 688 2348 parvae
712 2251 899 2343 Dianium,
930 2252 1096 2344 Jgilium,
1130 2248 1323 2341 Carbonia,
1350 2278 1384 2326 ra

249 2361 385 2459 Urgo,
417 2364 518 2458 lea,
553 2364 740 2458 Capraria,
773 2365 867 2436 duae
893 2365 1050 2457 grandes
1075 2363 1245 2458 fretoque
1271 2364 1324 2434 di·
1350 2392 1383 2439 rr

271 2480 378 2550 visae
403 2477 557 2549 Corsica
583 2486 620 2548 et
644 2465 823 2549 Sardinia.
867 2497 1019 2572 quarum
1045 2474 1324 2563 Corsicalitori
1350 2505 1383 2552 ra

136 2684 139 2689 Ι
271 2594 434 2685 propior,
461 2592 556 2661 inter
581 2592 695 2661 latera
719 2593 841 2662 tenuis
861 2598 898 2661 et
920 2593 1043 2682 longa,
1070 2597 1324 2682 praeterquam
1349 2614 1382 2660 ra
1498 2648 1500 2653 .
1561 2618 1562 2637 ¹

271 2702 335 2804 ubi
360 2703 495 2796 Aperta
527 2712 565 2801 et
587 2702 755 2776 Mariana
787 2704 956 2775 coloniae
991 2710 1078 2775 sunt
1109 2724 1132 2772 a
1161 2700 1381 2773 barbarism

77 2803 80 2809 ’
193 2841 244 2894 123
272 2818 423 2887 colitur:
455 2814 623 2888 Sardinia
646 2816 811 2889 Africum
836 2819 991 2910 pelagus
1017 2813 1223 2903 adtingens,
1249 2812 1324 2884 nisi
1348 2836 1380 2883 ar

272 2929 371 3024 quod
397 2930 435 3000 in
462 2929 692 3003 occidentem
722 2952 830 3024 quam
861 2932 900 3002 in
926 2931 1103 3000 orientem
1127 2925 1322 3017 angustius
1348 2946 1381 2993 aa

271 3048 428 3135 spectat,
455 3064 521 3137 par
546 3052 584 3115 et
609 3042 786 3138 quadrata
811 3042 974 3135 undique
998 3046 1036 3112 et
1050 3058 1232 3131 nusquam
1248 3059 1323 3111 non
1348 3060 1380 3107 aa

271 3156 458 3248 aliquanto
485 3157 684 3249 spatiosior
709 3176 818 3249 quam
844 3153 906 3224 ubi
921 3151 1140 3243 longissima
1157 3158 1216 3222 est
1233 3150 1322 3224 Cor·
1347 3174 1381 3221 24

271 3269 362 3361 sica,
390 3275 551 3341 ceterum
576 3269 710 3341 fertilis
735 3276 774 3339 et
799 3267 871 3337 soli
896 3285 1004 3358 quam
1031 3264 1126 3337 caeli
1141 3264 1321 3356 melioria,
1347 3285 1380 3333 rs

270 3390 380 3475 atque
405 3389 447 3452 ut
471 3381 630 3453 fecunda
654 3381 707 3450 ita
730 3398 850 3473 paene
874 3379 1065 3471 pestilens.
1123 3379 1161 3449 in
1187 3398 1232 3449 ea
1255 3399 1323 3472 po·
1347 3399 1380 3444 aa

269 3497 440 3589 pulcrum
465 3491 714 3587 antiquissimi
743 3498 830 3563 sunt
853 3489 1030 3586 Jlienses,
1063 3489 1206 3562 urbium
1231 3493 1322 3563 anti·
1347 3512 1380 3559 2⁷

271 3610 472 3702 quissimae
498 3605 643 3676 Cararis
669 3612 708 3677 et
731 3605 845 3678 Sulci.
1347 3624 1380 3669 ra

192 3743 242 3796 124
342 3721 391 3799 At
413 3721 452 3790 in
470 3719 590 3790 Gallia
616 3739 708 3813 quas
733 3716 871 3790 referre
896 3717 1096 3790 conveniat
1115 3719 1219 3791 solae
1236 3724 1323 3788 sunt
1347 3736 1379 3782 rr

271 3832 496 3908 Stoechades
529 3832 573 3904 ab
604 3853 669 3907 ora
693 3830 865 3926 Ligurum
898 3831 944 3903 ad
969 3829 1175 3904 Massiliam
1204 3849 1323 3923 usque
1346 3849 1379 3895 ao
