3138 4718
143 406 164 458 1.
185 405 393 483 raro-nur.
1215 405 1258 469 29
1327 434 1332 444 ·

162 577 337 673 rquibus
380 580 418 649 in
456 581 549 649 lusu·
584 579 754 673 risuque·
782 566 963 653 summum
1009 580 1144 652 bonum
1186 589 1255 652 est,

160 693 296 766 nultra
320 689 527 762 Carambim
553 691 728 784 Mossyni
759 701 880 764 turres
913 694 1054 785 ligneas
1082 693 1254 783 subeunt,

159 832 174 877 a
200 804 299 875 notis
318 824 462 895 corpus
488 823 597 876 omns
621 806 848 898 persignant,
875 807 1071 898 propatulo
1096 825 1255 876 vescun-

158 946 175 989 r
200 924 278 1010 tur,
309 916 496 1009 promisce
527 915 787 1000 concumbunt
807 926 845 989 st
868 921 1009 1011 palam,
1044 939 1152 1010 reges
1178 918 1254 990 suf·

159 1028 317 1120 refragio
344 1027 521 1122 deligunt,
548 1030 784 1124 vinculisque
810 1038 848 1102 et
873 1032 1058 1102 artissima
1083 1030 1254 1102 custodia

158 1148 343 1236 stsnsnt,
378 1149 489 1238 atque
521 1142 584 1213 ubi
615 1145 761 1237 culpam
788 1162 904 1236 prave
930 1143 1020 1239 quid
1053 1143 1254 1236 inperando

158 1274 383 1346 amerusre,
432 1253 555 1339 inedia
582 1253 666 1327 vdisi
704 1255 820 1326 totius
858 1254 1051 1349 adficiunt,
1091 1263 1253 1328 ceterum
1287 1270 1289 1273 ’

157 1389 173 1434 a
199 1367 322 1460 asperi
346 1367 477 1439 inculti
500 1367 671 1460 pernoxii
696 1367 873 1461 adpulsis.
912 1368 996 1440 dcin
1021 1370 1141 1441 minus
1167 1368 1250 1461 feri,
1283 1382 1367 1440 1107

157 1497 327 1549 ererum
365 1470 403 1549 et
437 1479 478 1550 hi
508 1479 709 1551 inconditis
739 1480 921 1572 moribus,
962 1480 1249 1573 Macrocephali,

141 1611 172 1655 ιο
197 1587 380 1684 Discheri,
407 1589 563 1664 Buxsdi:
588 1613 692 1664 raras
717 1592 843 1678 urbss3
874 1592 1079 1666 Cerasunta
1102 1601 1141 1665 st
1164 1592 1250 1663 lha-

7 1722 8 1737 ¹
140 1722 172 1768 ιι
197 1723 314 1796 pszos
337 1705 498 1777 maxime
524 1705 713 1777 inlustres,

141 1833 172 1891 122
190 1900 192 1906 ,
268 1813 366 1888 Jnde
391 1816 424 1888 is
450 1817 557 1887 locus
583 1825 642 1888 cst
659 1815 723 1888 uhi
739 1818 847 1889 finsm
865 1818 999 1890 ductus
1017 1839 1040 1889 a
1056 1816 1248 1911 Bosphoro
1279 1832 1330 1886 ros

140 1926 337 2001 ra‘tractus
361 1931 513 2023 accipit,
544 1938 655 2024 atque
679 1930 765 2003 inde
790 1932 895 2003 sein
922 1933 1005 2004 sinu
1031 1931 1180 2003 adversi
1205 1932 1248 2001 li·
1379 1984 1383 1988 -

139 2069 172 2116 14
196 2041 289 2112 toris
319 2042 440 2114 flexus
472 2042 655 2117 adtollens
686 2045 989 2136 angustissimum
1019 2042 1127 2116 Ponti
1159 2044 1250 2117 facit

139 2180 171 2227 1s
195 2155 380 2245 angulum,
435 2156 497 2228 hic
527 2163 615 2228 sunt
640 2156 787 2250 Colchi,
820 2159 893 2229 huc
918 2157 1047 2231 Phasis
1075 2154 1244 2252 sirimpio,
1358 2227 1364 2239 ,

139 2292 170 2338 rs
193 2268 255 2339 hic
281 2267 410 2343 eodem
435 2272 583 2342 nomine
609 2291 682 2365 quo
707 2272 825 2342 amnis
852 2278 910 2342 est
935 2270 1249 2365 aThsmistagora

138 2402 170 2451 ιτ
194 2378 344 2454 Milesio
375 2381 574 2457 deductum
607 2383 800 2476 oppidum,
834 2383 896 2455 hic
921 2381 1047 2456 Phrixi
1073 2387 1249 2483 templum

139 2516 170 2561 rs
194 2501 232 2565 et
268 2497 396 2587 lucus,
441 2494 567 2567 fabula
603 2504 731 2568 vetere
775 2498 885 2590 pellis
930 2517 1064 2568 aureas
1102 2496 1248 2568 nobilis.

138 2628 170 2674 rs
194 2606 281 2680 hinc
318 2608 389 2680 orti
424 2618 569 2680 montes
608 2611 720 2702 longo
759 2631 802 2682 ss
838 2611 927 2702 iugo
965 2619 1004 2682 st
1035 2610 1155 2683 donec
1186 2609 1248 2680 Ri·
1279 2620 1329 2672 109

7 2784 8 2811 ,
136 2741 170 2788 ec
193 2718 324 2811 phasis
349 2722 618 2813 coniungantur
642 2724 899 2815 exporrigunt3
924 2725 989 2816 qui
1013 2726 1128 2795 altera
1145 2730 1249 2815 parts

7 2862 8 2867 =
136 2850 168 2897 nr
194 2832 233 2904 in
270 2829 455 2923 Euxinum
492 2843 531 2906 et
566 2834 755 2907 Maeotida
792 2843 832 2910 st
859 2834 1018 2929 Tanain,
1058 2839 1174 2908 altera
1210 2837 1250 2908 in

136 2962 169 3009 as
194 2942 369 3039 Caspium
386 2948 539 3039 pelagus
559 2944 720 3040 obversi,
748 2944 906 3018 Cerauni
924 2949 1110 3019 dicuntur:
1135 2946 1248 3020 iidem

135 3077 168 3124 aa
193 3056 306 3129 aliubi
330 3057 478 3132 'laurici
503 3057 651 3131 Moschi
674 3058 891 3131 Amazonici
923 3058 1048 3153 Caspii
1076 3060 1261 3132 Coraxici.

134 3191 169 3237 24
193 3169 386 3266 Caucasii,
426 3181 467 3246 ut
503 3174 588 3245 aliis
626 3174 758 3245 ahisvs
794 3172 957 3267 adpositi
995 3172 1165 3265 gentibus
1197 3175 1249 3243 ita

132 3305 167 3352 sa
192 3285 275 3358 aliis
300 3287 460 3380 aliisque
485 3285 574 3359 dicti
596 3287 820 3360 nominibus.
877 3295 915 3358 at
938 3287 978 3359 in
1002 3286 1121 3379 primo
1146 3286 1245 3357 flexu
1277 3299 1328 3352 110

133 3417 166 3464 ra
192 3398 264 3470 iam
295 3401 401 3472 curvi
431 3400 550 3471 litoris
577 3400 751 3495 oppidum
783 3407 841 3473 cst
873 3397 973 3494 quod
1003 3402 1127 3491 graeci
1151 3421 1246 3471 mer·

87 3575 95 3589 ,
132 3531 166 3577 rr
192 3518 337 3587 catores
369 3514 630 3607 constituisse,
666 3523 703 3585 st
733 3517 820 3608 quia
851 3533 936 3586 oum
972 3532 1085 3585 caeca
1108 3521 1246 3607 temps-

132 3646 165 3692 ra
191 3631 289 3696 state
320 3634 534 3720 agerentur,
573 3626 713 3719 ignaris
746 3645 841 3721 quas
860 3635 971 3699 -tsrra
1002 3637 1103 3698 esset
1132 3628 1246 3718 cycni

7 3814 9 3847 Ι
132 3756 165 3803 nr
189 3757 267 3810 vox
290 3744 415 3811 notam
440 3738 602 3832 dederat,
630 3737 800 3832 Cycnum
825 3740 1035 3850 adpellasse
1061 3739 1243 3810 dicuntur.

7 3850 8 3855 ’
132 3867 165 3913 aa
189 3851 333 3946 reliqua
362 3853 445 3924 cius
471 3851 573 3927 feras
596 3852 833 3946 incultusque
863 3860 993 3943 gentes
1018 3858 1128 3924 vasto
1151 3854 1244 3922 mari
