3138 4718
284 372 305 442 8
1141 381 1397 447 tac-acm.

281 552 401 648 prima
426 561 486 627 cst
500 552 669 645 Scythia,
696 554 770 625 alia
795 573 902 648 quarn
929 554 1029 627 dicta
1047 564 1106 628 eat
1122 554 1169 628 ad
1185 553 1337 646 Tanain,
1384 580 1396 623 1

282 667 404 741 media
420 666 536 740 ferme
553 663 699 743 Pontici
718 667 859 760 lateris,
886 667 977 740 hine·
989 669 1028 739 in
1044 668 1182 762 Aegaei
1200 676 1341 763 partem
1381 688 1396 733 2

186 778 188 791 ‘
282 781 470 875 pertinens
483 776 661 851 Thraciae
677 800 722 852 ac
738 777 983 853 Macedoniae
999 781 1220 876 adiungitur.
1262 793 1339 854 tum
1382 802 1397 848 a

282 892 441 965 Graecia
463 894 659 987 prominet,
686 890 954 987 Aegaeumque
973 894 1017 966 ab
1034 894 1146 967 Jonio
1169 896 1259 967 mari
1286 896 1339 970 di·
1381 913 1398 958 4

281 997 391 1083 rimit.
426 1002 630 1078 Hadriatici
646 1005 889 1107 latulelyris
908 1013 1078 1101 occupat
1105 1007 1338 1104 interipsum
1382 1025 1396 1071 ⁵
1464 1040 1468 1049 ·

281 1117 536 1193 Hadriaticum
562 1126 600 1191 ct
616 1116 777 1193 Tuscum
793 1119 908 1192 ltalia
922 1121 1118 1214 procurrit.
1160 1123 1199 1193 in
1214 1119 1339 1193 Tusco
1382 1140 1397 1184 e

63 1319 67 1326 p
186 1238 254 1298 119
282 1234 412 1306 intimo
438 1231 561 1304 Gallia
584 1240 661 1325 est,
695 1235 791 1305 ultra
816 1232 1008 1328 Hispania.
1058 1235 1151 1307 haec
1175 1235 1214 1307 in
1239 1235 1338 1306 ccci·
1382 1249 1396 1294 ⁷

283 1345 433 1421 dentem
460 1344 597 1440 diuque
628 1345 739 1419 etiam
776 1345 823 1417 ad
856 1347 1145 1439 septentrionem
1176 1348 1338 1421 diversis
1380 1364 1397 1410 a

281 1457 464 1545 frontibus
490 1458 622 1550 vergit.
678 1454 974 1552 deinde-rursus
999 1456 1121 1531 Gallia
1145 1468 1204 1533 est
1228 1462 1338 1553 longe
1381 1476 1396 1522 9

281 1577 321 1643 et
345 1590 368 1645 a
391 1571 531 1647 coenis
557 1567 728 1642 litoribus
753 1568 828 1642 huc
849 1556 1185 1665 usqueparmissa.
1224 1572 1269 1645 ab
1294 1593 1340 1646 ea
1365 1589 1397 1636 ιο

282 1682 456 1756 Germani
481 1681 528 1754 ad
554 1682 738 1761 Sarmatas
755 1683 1004 1777 porriguntur,
1031 1684 1087 1756 illi
1112 1684 1159 1758 ad
1175 1683 1313 1757 Asiam.
1364 1702 1396 1748 ιι

220 1806 256 1861 20
359 1794 487 1868 Africa
510 1795 556 1866 ab
579 1795 732 1868 orientis
748 1804 853 1888 parte
869 1793 956 1868 Nilo
974 1797 1179 1892 terminata,
1206 1800 1338 1892 pelago
1364 1816 1396 1862 ra
1496 1865 1499 1873 .

281 1927 304 1979 a
329 1909 477 2001 ceteris,
504 1907 654 1979 brevior
678 1915 737 1980 eat
762 1907 910 2001 quidem
932 1928 1041 2003 quam
1064 1907 1226 2005 Europa,
1254 1913 1340 2005 quia
1364 1928 1396 1976 ra
1455 1982 1461 1996 Ι

280 2041 351 2093 nec
387 2038 547 2114 usquam
579 2017 691 2090 Asiae
723 2026 761 2090 et
790 2040 865 2092 non
902 2020 992 2092 totis
1025 2021 1136 2095 huius
1167 2021 1336 2094 litoribus
1364 2041 1396 2088 ιι

281 2132 511 2225 obtenditur,
546 2131 695 2224 longior
723 2140 847 2205 tamen
879 2134 964 2226 ipsa
993 2154 1103 2229 quam
1134 2136 1261 2226 latior,
1300 2141 1339 2205 et
1364 2153 1395 2202 ra

281 2266 355 2342 qua
391 2245 439 2329 ad
476 2246 630 2318 fiuvium
667 2244 824 2338 adtingit
858 2248 1058 2340 latissima,
1101 2254 1225 2340 utque·
1250 2247 1337 2319 inda
1363 2267 1395 2314 rr

280 2358 450 2453 procedit
479 2359 532 2431 ita
563 2357 686 2431 media
715 2359 914 2451 praecipue
945 2361 999 2429 in
1016 2360 1102 2451 iuga
1131 2379 1337 2452 exsurgens
1364 2380 1396 2428 ιτ

281 2466 404 2566 pergit
425 2471 584 2545 incurva
608 2470 654 2541 ad
685 2491 881 2564 occasum,
917 2470 1141 2565 instigatque
1172 2491 1214 2542 se
1245 2473 1337 2551 mol·
1363 2493 1395 2541 ra

281 2586 380 2656 liter:
417 2592 455 2656 et
485 2583 570 2662 ideo
608 2602 656 2654 ex
688 2586 810 2678 spatio
841 2583 1018 2678 paulatim
1050 2583 1245 2656 adductior
1274 2581 1338 2657 ubi
1362 2603 1394 2650 ra

220 2711 253 2766 21
283 2696 406 2768 finitur
431 2694 482 2766 ibi
507 2696 667 2768 maxime
683 2705 841 2791 angusta
863 2704 933 2767 est.
971 2704 1146 2789 quantum
1164 2695 1338 2766 incolitur
1361 2711 1395 2758 rc
1437 2706 1440 2710 ·

280 2809 414 2882 eximie
439 2807 587 2880 fertilis:
612 2829 742 2882 verum
768 2807 867 2904 quod
892 2808 1068 2901 pleraque
1090 2808 1173 2878 eius
1198 2808 1394 2879 incultam

280 2930 320 2995 et
343 2904 408 2995 aut
431 2920 578 2995 harenis
596 2922 785 2995 sterilibus
803 2920 963 2993 obducta
980 2929 1044 2993 aut
1060 2918 1107 2992 ob
1124 2921 1223 2995 sitim
1242 2922 1337 2993 caeli
1361 2937 1395 2984 aa

263 3043 532 3130 terrarumque
570 3035 717 3107 deserta
747 3042 833 3105 sunt
866 3041 930 3107 aut
968 3032 1190 3105 infestantur
1219 3036 1336 3107 multo
1361 3050 1395 3099 aa

281 3166 326 3218 ac
355 3149 524 3220 malefico
556 3167 690 3240 genere
722 3145 953 3238 animalium,
987 3153 1096 3218 vasta
1128 3155 1186 3218 est
1216 3148 1335 3240 magis
1361 3164 1396 3211 24

282 3282 390 3355 quam
416 3262 602 3357 frequens.
644 3280 745 3332 mare
771 3279 847 3353 quc
871 3259 1031 3352 cingitur
1048 3281 1071 3329 a
1086 3260 1337 3353 septentrione
1361 3276 1395 3325 aa

280 3371 480 3467 Libycum,
516 3396 538 3444 a
568 3372 723 3445 meridie
753 3373 1030 3466 Aethiopicum,
1065 3371 1110 3445 ab
1142 3373 1337 3446 occidente
1361 3389 1394 3437 ²⁶

219 3502 254 3558 aa
280 3485 507 3561 Atlanticum
532 3470 703 3558 dicimus.
742 3487 780 3556 in
805 3506 850 3557 ea
873 3491 976 3579 parte
1003 3506 1097 3580 quae
1113 3484 1256 3577 libyco
1274 3486 1336 3557 ad·
1361 3503 1393 3550 ar

280 3602 379 3673 iacet
403 3597 572 3690 proxima
594 3594 685 3668 Nilo
701 3599 911 3691 provincia
942 3618 1051 3691 quam
1078 3594 1244 3688 Cyrenas
1270 3618 1335 3669 vc·
1361 3612 1394 3659 28

281 3718 381 3786 cant:
407 3708 490 3780 dein
516 3711 578 3780 cui
605 3711 720 3784 totius
746 3711 910 3805 regionis
927 3711 1113 3783 vocabulo
1130 3728 1336 3803 cognomen
1361 3725 1393 3771 aa

281 3822 438 3896 inditum
476 3831 535 3894 est
569 3821 707 3896 Africa.
766 3831 891 3896 cetera
921 3821 1102 3897 Numidae
1140 3831 1178 3893 et
1215 3818 1336 3892 Mauri
1360 3839 1393 3886 ac
