3138 4718
152 402 173 454 I.
188 396 401 468 1,5-2,2Tz.
1247 402 1268 463 5

174 605 186 648 1
213 574 273 646 ubi
292 577 424 647 iterum
443 571 573 645 effudit
586 571 725 644 Pontus
740 571 922 668 EuxinuS,
943 597 1016 670 que
1029 572 1153 668 paludi
1168 594 1267 649 eom·

172 716 186 760 ι
211 688 368 758 mittitur
386 685 603 759 Cimmerius
619 683 847 778 Bosphorus,
868 689 975 780 polus
993 688 1076 780 ipse
1092 685 1265 758 Maeotis.

172 825 187 871 ι
211 799 283 870 hoe
310 799 400 868 mari
426 805 464 868 et
490 797 632 869 duobus
659 797 797 887 inclitis
819 798 999 891 amnibus,
1026 795 1141 871 Tanai
1157 802 1268 894 etque
1298 808 1347 867 18

172 937 188 981 4
213 908 312 1001 Nilo,
337 912 374 981 in
399 918 473 982 tres
498 918 622 1003 partes
647 911 824 981 universa
848 911 1036 982 dividitur.
1086 908 1268 982 'lensiee

173 1046 188 1092 ι
214 1023 464 1115 septentrione
480 1022 527 1093 ed
543 1021 733 1093 meridiem
750 1043 922 1117 vergere,
948 1024 987 1094 in
1011 1021 1169 1103 mediam
1187 1018 1269 1094 iere

110 1182 115 1190 .
172 1156 188 1201 ι
213 1132 402 1207 Maeotida
426 1134 566 1206 defluit:
598 1141 708 1207 etex
733 1135 884 1208 diverso
902 1133 1011 1207 Nilus
1035 1137 1075 1207 in
1101 1139 1267 1229 pelagus.

173 1271 187 1315 ι
214 1233 310 1341 'quod
328 1258 505 1319 terrerum
523 1250 620 1319 ioeet
638 1248 772 1318 efreto
791 1249 836 1319 ad
855 1269 900 1320 ea
915 1249 1065 1328 flumina
1082 1249 1127 1320 ab
1145 1250 1263 1323 altero

172 1385 187 1430 e
212 1362 326 1431 latere
342 1359 505 1450 Africam
531 1381 723 1451 voremus,
751 1361 797 1443 ab
822 1364 938 1433 altero
956 1359 1145 1455 Europen:
1171 1363 1268 1435 ulna

172 1473 392 1568 equidquid
419 1480 477 1544 est
516 1473 606 1543 Asia
630 1483 700 1545 est.

156 1610 188 1657 ιι
231 1583 239 1597 ’
285 1583 417 1656 'itibus
442 1584 538 1657 hane
562 1606 584 1657 e
609 1585 774 1679 partibus
792 1587 910 1678 tangit
926 1607 1103 1680 oeeenuS,
1129 1579 1181 1658 ita
1196 1600 1309 1658 noso

156 1724 187 1769 ιι
213 1696 372 1770 minibus
399 1704 440 1768 ut
456 1698 551 1769 loeis
570 1695 759 1789 differens,
786 1695 888 1771 Eous
908 1698 954 1771 ab
972 1700 1127 1791 oriente,
1153 1720 1267 1771 eme

156 1837 188 1883 ιι
214 1809 305 1882 ridie
330 1809 500 1900 indicus,
528 1832 550 1895 e
576 1812 825 1904 septentrione
849 1811 1063 1904 Scythides.
1109 1813 1190 1904 ipsa
1212 1812 1266 1885 in·

156 1953 188 1998 ιι
214 1924 314 2015 genti
338 1945 382 1995 ae
406 1930 584 2016 perpetua
600 1923 723 1995 fronte
741 1943 852 1997 versa
868 1922 915 1995 ad
931 1926 1110 1997 orientem
1127 1933 1269 1997 tentum

156 2064 188 2109 ιι
213 2034 263 2107 ibi
289 2057 331 2108 se
356 2037 395 2107 in
419 2035 649 2109 latitudinem
675 2033 832 2109 effundit
855 2045 1031 2131 quantum
1055 2035 1206 2130 Europe
1229 2040 1268 2111 et

155 2174 187 2220 ιι
213 2147 338 2220 Afriee
362 2158 400 2221 et
425 2147 525 2242 qued
550 2144 646 2222 inter
670 2147 795 2220 ambas
814 2152 968 2243 pelagus
986 2150 1179 2223 inmissum
1197 2155 1265 2227 est.

156 2287 187 2333 ιι
213 2259 297 2331 inde
330 2282 413 2333 eum
451 2261 685 2354 atiquatenus
719 2260 840 2333 solide
875 2263 1080 2354 prooessit,
1121 2282 1169 2333 ex
1200 2262 1268 2331 ilio

156 2399 186 2444 rr
213 2395 353 2446 noeane
384 2394 491 2467 quem
517 2372 694 2446 Jndieum
722 2373 904 2467 diximus,
940 2373 1136 2449 Ambioum
1167 2394 1266 2451 mare
1308 2404 1311 2411 ⁴

155 2510 187 2555 ιι
213 2496 251 2560 et
263 2486 468 2571 Persicum,
496 2508 544 2559 ex
560 2486 739 2579 Soythieo
757 2486 931 2580 Caspium
954 2488 1102 2580 recipit:
1126 2494 1164 2561 et
1180 2485 1265 2561 ideo

154 2625 186 2670 ιι
213 2622 286 2695 que
309 2601 442 2694 reeipit
474 2601 685 2693 angustior,
725 2621 853 2671 rursus
886 2599 1125 2693 expanditur,
1159 2607 1197 2673 et
1225 2599 1266 2673 fit

153 2739 186 2785 ιι
211 2720 284 2784 tarn
314 2715 391 2783 lata
420 2734 528 2805 quern
560 2711 693 2785 fueret.
749 2711 834 2785 dein
868 2732 952 2785 oum
984 2714 1056 2785 iem
1088 2712 1125 2785 in
1157 2732 1266 2783 suum

152 2852 185 2899 ιι
211 2824 319 2898 finem
343 2827 572 2919 aliarumque
596 2834 771 2899 terrarum
795 2827 954 2899 eontinie
977 2824 1126 2897 devenit
1143 2825 1266 2897 medie

152 2965 186 3011 ιι
210 2941 349 3012 nostris
374 2936 597 3033 aequoribus
625 2940 820 3032 excipitur,
847 2940 990 3032 reliqua
1014 2940 1131 3013 altero
1149 2958 1265 3012 eornu

152 3078 186 3124 ιι
211 3054 330 3144 pergit
352 3053 400 3125 ad
423 3050 549 3123 Nilum
572 3053 687 3129 altero
714 3052 761 3123 ed
785 3050 935 3125 Tanain.
954 3073 1046 3121 ·ore
1070 3052 1151 3122 eius
1178 3071 1262 3123 eum
1291 3059 1325 3113 10

152 3189 186 3235 ιι
211 3167 318 3238 alveo
349 3163 427 3236 Nili
456 3165 574 3237 amnis
608 3165 698 3257 ripis
732 3163 925 3236 deseendit
948 3165 986 3234 in
1018 3164 1192 3255 pelagus,
1226 3169 1264 3235 et

151 3304 185 3352 ιι
210 3277 274 3349 diu
299 3278 398 3349 sieut
423 3278 513 3349 illud
539 3276 678 3351 incedit
703 3277 754 3347 ita
771 3298 841 3348 sue
856 3277 966 3347 litora
983 3276 1152 3367 porrigit:
1178 3273 1263 3344 dein

151 3418 186 3464 ιι
209 3390 249 3461 fit
272 3392 437 3465 venienti
461 3389 622 3484 obviam,
649 3397 687 3461 et
711 3390 867 3482 primum
893 3409 935 3460 se
961 3388 1101 3481 ingenti
1124 3385 1263 3461 ambitu

150 3527 184 3572 ιι
209 3504 399 3596 incurvet,
431 3510 517 3596 post
551 3523 592 3577 se
625 3502 764 3593 ingenti
795 3502 916 3573 fronte
941 3501 987 3573 ad
1011 3499 1265 3593 Hellesponti-

150 3640 185 3686 ιι
210 3636 293 3687 oum
325 3616 459 3691 fretum
491 3613 671 3688 extendit:
710 3614 755 3685 ab
791 3636 838 3685 eo
871 3615 1003 3687 iterum
1036 3613 1185 3706 obliqua
1214 3611 1261 3685 ad

150 3751 184 3798 ιι
209 3726 453 3822 Bosphorum,
486 3730 692 3821 iterumque
717 3727 762 3798 ad
789 3725 981 3799 Ponticum
1008 3728 1259 3813 lateremus,

149 3862 184 3909 ιι
208 3840 348 3913 aditum
387 3839 597 3913 Maeotidos
641 3847 853 3913 transverso
890 3839 1054 3931 margine
1091 3837 1263 3930 adtingit,
