3138 4718
183 401 203 454 1.
223 401 450 467 ar-arrz.
649 484 651 489 Ι
1256 408 1292 468 11

203 603 216 647 1
241 576 351 648 habet
379 578 560 648 maximae
591 583 678 646 sunt
703 574 828 647 Cirtha
852 579 981 669 procul
1007 601 1029 649 a
1053 581 1164 671 mari,
1197 603 1295 651 nunc

202 714 217 758 ι
242 690 479 762 Sittianorum
505 691 672 782 colonia,
706 689 890 782 quondam
921 713 1047 783 regum
1074 693 1224 784 dorum,
1259 704 1296 771 et

203 828 218 874 a
243 825 326 874 curn
351 802 534 896 Syphacis
561 803 659 873 foret
683 805 983 895 opulentissima,
1016 803 1101 876 Jola
1125 807 1172 879 ad
1195 828 1295 878 mare

202 915 442 1009 saliquando
475 914 671 1008 ignobilis,
703 937 801 987 nunc
833 917 920 1009 quia
943 916 1061 988 Jubae
1092 921 1195 1011 regia
1225 920 1296 991 fuit

204 1054 218 1101 ι
244 1035 282 1101 et
307 1028 406 1121 quod
432 1027 614 1100 Caesarea
638 1030 823 1100 vocitatur
847 1030 1025 1102 inlustris.
1069 1032 1293 1124 cibaliana,
1325 1044 1390 1101 lar

204 1128 327 1213 snam
357 1143 394 1211 in
425 1141 549 1212 medio
579 1140 694 1212 ferme
719 1142 827 1212 litore
852 1142 925 1213 sita
947 1150 1026 1232 est,
1046 1142 1234 1216 ¹Cartinna
1258 1154 1295 1217 et

204 1282 219 1326 r
243 1251 403 1325 Arsinna
427 1262 514 1324 sunt
535 1253 671 1346 oppida
687 1261 725 1325 et
740 1254 858 1326 Avisa
873 1258 1068 1329 castellum
1084 1265 1123 1328 et
1139 1255 1294 1329 Laturus

204 1369 348 1438 asinus
368 1375 420 1438 et
450 1366 645 1438 Sardabale
677 1367 826 1438 fluvius.
890 1371 984 1440 ultra
1020 1378 1295 1461 monumentum

204 1502 437 1553 ceommune
463 1481 586 1572 regiae
611 1480 745 1573 gentis,
777 1479 909 1552 deinde
933 1479 1102 1553 Jcosium
1128 1482 1296 1555 Ruthisia

188 1619 219 1665 ιο
245 1592 367 1686 urbes⁷
395 1594 587 1664 effluentes
613 1594 709 1664 inter
732 1615 797 1663 eas
813 1591 940 1665 Aucus
959 1604 995 1666 et
1012 1594 1133 1667 Nabar
1150 1599 1295 1692 aliaque

188 1733 219 1779 ιι
246 1727 340 1800 quae
377 1706 491 1777 taceri
528 1706 668 1775 nullum
706 1727 826 1778 rerum
861 1706 1029 1779 famaeve
1054 1708 1294 1802 dispendium

188 1849 220 1894 ιι
245 1827 314 1891 est.
356 1819 510 1892 interius
536 1825 574 1890 et
596 1820 707 1910 longe
733 1820 824 1890 satis
850 1841 873 1891 a
896 1820 1019 1909 litore,
1046 1822 1080 1891 si
1104 1822 1212 1895 fidem
1233 1844 1293 1895 res
1322 1842 1356 1894 ιι

189 1961 220 2007 ιι
244 1934 358 2025 capit>⁷
383 1934 513 2007 mirum
538 1931 584 2003 ad
609 1931 758 2002 modurn
782 1932 910 2025 spinae
933 1934 1093 2025 piscium
1115 1938 1295 2007 muricum

189 2072 221 2118 ιι
245 2053 522 2137 ostrearumque
546 2044 751 2138 fragmenta
775 2065 866 2116 saxa
896 2045 1046 2139 adtrita,
1080 2050 1135 2121 uti
1161 2051 1294 2140 solent,

189 2183 220 2230 ιι
244 2155 416 2230 fluctibus
439 2167 568 2229 ernon
586 2154 791 2228 differentia
808 2159 958 2229 marinis
976 2160 1109 2232 infixae
1127 2161 1308 2260 cautibus

189 2295 220 2341 ιι
245 2272 445 2352 anchorae
464 2278 503 2341 et
534 2269 607 2340 alia
637 2269 820 2340 eiusmodi
856 2272 962 2363 signa
993 2282 1102 2365 atque
1135 2275 1297 2364 vestigia

189 2409 220 2457 ιι
246 2385 355 2456 effusi
391 2374 479 2455 olim
511 2380 708 2476 usquead
746 2403 790 2452 ea
820 2384 905 2455 loca
933 2386 1054 2479 pelagi
1085 2386 1124 2456 in
1156 2386 1295 2477 campis

189 2523 220 2570 rc
244 2499 333 2569 nihil
358 2496 539 2567 alentibus
566 2512 650 2566 esse
668 2495 908 2590 invenirique
936 2506 1138 2569 narrantur.

189 2638 220 2684 ιι
319 2609 433 2703 Regio
460 2630 554 2702 quae
572 2608 738 2700 sequitur
763 2631 785 2678 a
809 2606 1064 2702 promunturio
1081 2610 1295 2709 Metagonio
1321 2627 1357 2679 33

187 2748 220 2794 ιο
245 2724 291 2795 ad
308 2723 399 2794 Aras
417 2719 674 2792 Philaenorum
699 2723 847 2813 proprie
872 2742 1005 2794 nomen
1022 2723 1170 2796 Africae
1189 2745 1295 2795 usur·

187 2864 219 2911 ιι
243 2844 318 2931 pat.
360 2837 398 2906 in
424 2857 469 2905 ca
487 2840 573 2905 sunt
589 2832 725 2926 oppida
740 2832 864 2928 Hippo
882 2834 1018 2928 Regius
1037 2842 1074 2907 et
1091 2835 1296 2908 Rusiccade

187 2975 220 3023 ιι
245 2955 283 3019 et
312 2945 511 3019 Thabraca.
574 2943 658 3017 dein
696 2945 766 3015 tria
796 2950 1047 3039 promunturia
1079 2948 1293 3039 Candidum,
1323 2965 1358 3017 34

187 3084 220 3134 ra
234 3060 440 3154 Apollinis,
465 3057 654 3149 Mercurii,
682 3070 788 3130 vaste
811 3061 976 3153 proiecta
991 3064 1030 3131 in
1047 3063 1173 3153 altum,
1201 3062 1295 3131 duos

187 3198 220 3244 ιι
246 3173 402 3267 grandes
421 3173 525 3243 sinus
546 3170 721 3242 efficiunt.
761 3171 1036 3264 Hipponensem
1055 3182 1192 3244 vocant
1212 3196 1296 3266 pro-

188 3313 220 3360 ιι
245 3289 382 3358 ximunr
409 3286 453 3356 ab
478 3283 650 3377 Hippone
674 3280 851 3375 Diarryto
878 3284 976 3378 quod
999 3286 1098 3355 litori
1125 3286 1206 3356 eius
1233 3286 1295 3363 ad-

188 3401 408 3493 repositum
433 3406 502 3468 est.
550 3398 587 3467 in
613 3398 728 3469 altero
755 3404 841 3468 sunt
867 3395 996 3468 Castra
1020 3396 1139 3489 Delia,
1167 3397 1296 3470 Castra

188 3537 221 3585 rr
246 3511 429 3601 Cornelia,
455 3511 589 3580 flumen
615 3506 795 3601 Bagrada3
821 3507 929 3583 Utica
954 3518 991 3582 et
1016 3510 1196 3602 Carthago
1221 3534 1295 3583 arn-

189 3648 220 3693 ιι
246 3623 312 3694 bae
345 3625 493 3694 inclitae
524 3622 650 3693 ambae
682 3645 703 3693 a
733 3621 978 3694 Phoenicibus
1010 3622 1199 3713 conditae⁷
1233 3626 1296 3695 illa

188 3758 220 3804 ιι
244 3735 322 3806 fato
344 3733 500 3805 Catonis
525 3736 694 3825 insignis7
720 3735 812 3806 haec
838 3757 920 3824 suo,
949 3758 1046 3808 nunc
1072 3739 1199 3828 populi
1224 3737 1295 3806 Ro-

187 3868 222 3916 sc
245 3849 343 3920 mani
368 3848 528 3936 colonia,
556 3847 642 3916 olim
669 3847 812 3940 imperii
839 3849 918 3918 eius
945 3851 1112 3940 pertinax
1138 3850 1293 3940 aemula,
